4696 5860
702 639 711 726 .'
774 651 1014 712 cararocus
1041 651 1416 712 amnocnarrucus
1442 653 1533 712 nm.
1707 713 1710 722 ,
1923 635 1945 710 5

271 884 276 894 .
329 815 445 906 ¹idern
461 829 500 902 in
525 829 697 928 pluribus
715 827 829 902 folliis
846 843 885 903 et
905 829 1091 903 columnis
1107 827 1270 904 inveniri
1287 831 1449 904 -aflaec
1468 831 1507 902 in
1524 825 1650 904 fronte
1668 831 1796 904 colore
1812 829 1943 908 rubro.

343 948 406 1020 lol.
431 973 458 1050 ι..
476 946 512 1019 b.
533 945 699 1018 Polidori
719 943 1040 1044 Vrigr'lr'r'Epillola
1054 945 1099 1020 ad
1112 945 1344 1043 -Tlromosziem
1369 945 1534 1018 linctum
1550 945 1742 1020 nonnullis
1758 947 1945 1046 epigram-

342 1061 664 1137 metibus-dein
674 1062 739 1136 fol.
749 1087 782 1136 2.
794 1060 1087 1162 Tabula-poll
1096 1062 1173 1136 foll.
1186 1063 1245 1136 25.
1256 1088 1335 1137 non
1344 1057 1653 1164 fignat2Epistolo
1664 1059 1839 1137 Ludorici
1848 1065 1944 1136 Ode·

343 1182 396 1252 rii
414 1179 461 1254 ad
479 1177 700 1279 *principem
729 1177 926 1252 Guidonem
954 1178 1124 1252 Urbz'num
1140 1221 1188 1238 -
1206 1179 1395 1281 incipiunt
1424 1180 1669 1281 Epigramata
1685 1223 1732 1240 -
1759 1179 1806 1253 ad
1825 1181 1941 1276 finem
2072 1193 2076 1200 '

342 1296 407 1369 fol.
417 1301 500 1386 240.
510 1295 596 1394 llgn.
615 1295 678 1370 lin.
695 1301 753 1386 24.
770 1295 924 1396 explicit
947 1296 1163 1396 preclarum
1179 1321 1276 1397 opus
1293 1298 1446 1372 Nicoloi
1462 1297 1599 1371 Perotti
1615 1293 1851 1392 eruditill'rmi
1867 1296 1942 1372 viri

341 1412 607 1512 Cornucopiae
630 1412 694 1486 leu
711 1413 1083 1490 commentariorum
1104 1409 1253 1513 linguae
1277 1414 1413 1493 latinae
1439 1430 1508 1488 etc.
1535 1413 1708 1511 Lugduni
1726 1411 1944 1514 imprell'um

342 1553 412 1629 per
426 1528 599 1603 Jacobum
622 1529 786 1602 Mailleti
796 1531 911 1604 Anno
931 1529 1071 1628 gratiae
1088 1531 1139 1603 M.
1157 1530 1458 1632 quingentefimo
1478 1531 1605 1631 primo
1626 1529 1688 1605 die
1705 1555 1797 1604 vero
1813 1529 1944 1604 secun·

345 1646 414 1720 dae
431 1644 569 1719 Menfla
583 1645 689 1718 Junii
705 1639 761 1704 -’
776 1645 903 1744 infign.
920 1647 1090 1747 Typogr.
1118 1673 1206 1722 cum
1232 1647 1474 1748 inscriptione
1488 1649 1624 1751 Joques
1640 1647 1805 1734 Manio,
1827 1646 1938 1722 Char.

344 1761 447 1861 goth.
465 1762 616 1836 minusc.
632 1761 708 1836 foll.
731 1763 814 1837 266.
839 1759 924 1861 fign.
941 1761 1003 1837 lin.
1022 1763 1080 1838 68.
1099 1764 1123 1837 f.

535 1901 665 1956 Pomerr'
682 1899 788 1958 Annal.
807 1901 939 1976 Typogr.
958 1901 993 1957 T.
1007 1922 1032 1975 7.
1053 1922 1080 1977 Ρ.
1091 1903 1155 1978 275.
1177 1903 1214 1958 N.
1227 1925 1250 1959 ι.

417 2083 421 2089 ’
449 2115 502 2160 ιο.
521 2129 572 2145 -
596 2086 801 2189 Epistolare
823 2089 1011 2166 Phemrimr
1033 2090 1106 2166 ssve
1125 2091 1317 2172 orationes
1336 2091 1565 2170 Germaniae
1582 2090 1629 2166 ad
1651 2089 1943 2191 Rempnblicam

342 2220 475 2277 contra
494 2205 644 2292 Gallos,
662 2208 967 2282 auctore'Jacobo
992 2207 1272 2308 Winphclingo.
1289 2249 1339 2268 -
1355 2207 1515 2284 Haecin
1532 2209 1658 2282 fronte
1676 2233 1765 2282 cum
1781 2207 1944 2306 imagine

343 2321 383 2393 B.
404 2320 585 2419 Virginis.
602 2323 680 2397 Fol.
692 2323 829 2398 eodem
846 2325 881 2398 b.
900 2323 1072 2398 index-
1089 2325 1194 2399 fola.
1214 2321 1775 2426 EpistolarePhemium.·-lol.
1796 2347 1849 2420 ¹7·
1861 2321 1946 2396 linit

342 2438 548 2514 Germania
568 2438 615 2514 ad
630 2440 929 2541 „Rempublicam
944 2483 993 2500 -
1009 2439 1180 2541 sequitur
1202 2439 1325 2516 sermo
1346 2441 1392 2514 de
1411 2439 1704 2514 annunciatione
1717 2435 1944 2536 angelice-
1961 2502 1967 2510 .

343 2555 505 2653 Epistola
523 2553 654 2652 Sebost.
676 2559 796 2630 Brom
810 2559 857 2632 ad
876 2557 1076 2636 doctorem
1094 2557 1394 2657 Keysersperg.-
1413 2557 1498 2630 finit
1513 2556 1577 2628 fol.
1596 2556 1656 2628 26.
1674 2554 1737 2626 lin.
1760 2575 1814 2651 19.
1832 2551 1943 2628 colla-

343 2670 398 2742 tio
414 2669 477 2744 seu
495 2667 726 2770 peroratiola
741 2677 808 2748 W.
830 2675 868 2748 S.
885 2674 1060 2774 impreffa
1075 2701 1147 2774 per
1162 2673 1384 2748 industrium
1400 2673 1607 2747 Iohannem
1619 2669 1719 2744 Pni'e
1735 2669 1860 2748 civem
1871 2669 1942 2742 Ar-

339 2783 598 2882 gentzirenfim.
625 2789 854 2864 Tredecimo
865 2791 1053 2866 Kalendas
1063 2793 1088 2866 J
1090 2818 1147 2865 an.
1163 2791 1277 2864 Anno
1292 2789 1477 2864 Milefimo
1494 2785 1792 2890 quingenteflmo
1804 2785 1932 2888 primo

344 2902 458 2978 Cham
474 2905 577 3004 goth.
597 2904 672 2981 foll.
692 2909 749 2982 26.
768 2933 848 3000 non
862 2907 948 3008 [ign.
962 2907 1026 2984 lin.
1048 2909 1106 2982 33.
1132 2915 1166 2997 4.

534 3045 640 3100 Raram
659 3043 709 3101 elie
726 3046 882 3102 editionem
897 3043 986 3102 huius
1005 3045 1116 3102 Phemii
1132 3045 1289 3122 epistolaria
1314 3065 1398 3103 nemo
1414 3045 1543 3113 dubitet,
1563 3063 1629 3100 oum
1647 3044 1859 3110 natatorius,
1875 3045 1937 3100 De-

625 3137 718 3210 m'sius
737 3153 764 3193 et
780 3140 931 3194 Pontem
950 3138 1060 3194 nullam
1079 3137 1206 3194 eiusdem
1224 3141 1399 3196 mentionem
1413 3138 1534 3198 laniunt.
1554 3135 1639 3192 Solae
1656 3136 1845 3192 Moitlor'rius
1865 3153 1893 3211 Ρ.
1914 3155 1938 3191 r.

627 3249 655 3304 Ρ.
667 3228 729 3304 693.
749 3231 912 3286 orationem
928 3229 963 3286 de
978 3233 1086 3288 nuncio
1103 3231 1234 3306 angelico
1253 3231 1333 3287 hince
1351 3227 1534 3288 orationibus
1551 3245 1695 3286 annexam
1712 3227 1846 3284 recenset.

443 3443 496 3490 ιι.
511 3458 561 3474 -
574 3415 773 3516 Theologr'a
782 3417 964 3492 naturalis
981 3414 1711 3518 livelibercreaturarumspecialiter·de
1727 3411 1885 3487 homine
1902 3427 1941 3484 et

343 3531 390 3606 de
410 3549 546 3608 natura
559 3533 641 3609 eiua
659 3535 698 3608 in
715 3552 903 3636 quantum
921 3536 1059 3612 homo:
1077 3552 1115 3612 et
1132 3537 1179 3612 de
1199 3537 1258 3612 hia
1275 3564 1350 3637 que
1365 3535 1453 3610 lunt
1469 3533 1504 3606 ei
1520 3527 1720 3604 necellaria
1736 3527 1783 3604 ad
1798 3553 1939 3628 cogno-

341 3647 520 3724 scendum
533 3649 569 3726 le
588 3650 711 3752 ipsum
728 3667 767 3726 et
783 3653 897 3728 deum
914 3668 952 3728 et
968 3679 1082 3730 omne
1100 3653 1291 3737 debitum,
1310 3651 1355 3724 ad
1372 3648 1476 3752 quod
1493 3649 1613 3721 homo
1633 3659 1798 3732 tenetur,
1817 3660 1856 3720 et
1872 3646 1941 3719 ob-

343 3766 480 3865 ligatur
496 3785 576 3844 tam
596 3769 668 3844 deo
687 3795 803 3876 quam
815 3771 997 3872 proximo
1013 3809 1060 3828 ·-
1080 3771 1186 3844 Haec
1203 3771 1242 3841 in
1260 3767 1386 3842 fronte
1404 3765 1467 3856 fol.
1489 3793 1523 3840 2.
1533 3803 1583 3822 -
1598 3763 1747 3838 Tabula
1764 3760 1939 3860 alphabe-

341 3883 545 3958 tico-fol.
558 3887 592 3960 6.
612 3885 857 3982 Prologus-
869 3883 1394 3984 incipittheologianaturalis
1406 3883 1479 3960 five
1490 3882 1586 3956 liber
1597 3894 1856 3955 creaturarum
1869 3892 1939 3952 eto

342 3999 599 4099 allaymundo
624 4003 668 4072 de
696 3999 870 4074 sabundo.
888 4039 935 4054 -
954 4001 994 4074 in
1014 4002 1099 4076 fine.
1120 4003 1183 4076 fol.
1215 4003 1293 4076 162.
1320 3999 1383 4074 lin.
1406 4005 1465 4090 24.
1489 3999 1583 4072 liber
1599 4011 1860 4070 creaturarum
1875 3991 1939 4070 seu

341 4115 553 4214 Theologia
570 4115 750 4192 naturalia
769 4134 838 4192 etc.
856 4117 940 4194 finit
957 4119 1117 4194 feliciter
1135 4145 1181 4216 ex
1200 4118 1355 4193 officina
1368 4112 1644 4192 Mortr'rzz'Floch
1658 4107 1831 4186 Junioris
1846 4109 1939 4184 civis

343 4233 608 4332 argeminenfie
621 4233 744 4308 'Anno
759 4235 921 4308 Domini
937 4236 1122 4311 Milefimo
1144 4233 1444 4338 quingentesimo
1462 4228 1608 4332 prinio:
1628 4226 1801 4328 septimio
1823 4255 1851 4302 1.
1862 4227 1938 4304 Ka·
2067 4323 2068 4328 ἵ

343 4350 470 4424 lendas
489 4350 694 4424 Februarii.
718 4351 828 4426 Char.
844 4353 946 4451 goth.
962 4353 1040 4429 loll.
1064 4355 1142 4428 162.
1158 4355 1220 4428 lin.
1244 4355 1301 4427 50.
1320 4373 1408 4428 cum
1424 4347 1550 4451 glollis
1563 4344 1756 4446 marginal.
1776 4343 1799 4418 f.

536 4491 663 4545 Paneerr'
677 4489 782 4548 euml.
800 4493 931 4567 Typogr.
953 4491 1026 4551 126.
1046 4509 1074 4570 p.
1086 4493 1129 4549 26.
1147 4491 1185 4550 N.
1196 4495 1223 4549 5.

445 4703 497 4750 ι2.
512 4677 739 4776 -Eusebrirs
749 4681 794 4755 de
802 4673 1936 4784 evangelicapraeperationea'GeorgroTropezuntr‘oegraeco
1984 4675 1990 4688 ’

346 4793 387 4867 in
400 4795 560 4871 latinum
574 4797 780 4873 neduetue.
807 4795 1076 4902 operumque
1103 4797 1204 4876 fideli
1230 4821 1311 4875 non
1327 4795 1555 4874 solumutile
1569 4845 1582 4880 .
1596 4787 1861 4868 verumetiam
1881 4783 1937 4857 iu-
