4696 5860
736 615 976 696 caraioous
1002 633 1376 694 nisuoonarnious
1398 601 1521 694 'nnvn
1888 653 1933 724 27

336 816 586 920 Gorgonooloe
610 815 837 890 Sacerdotis.
870 816 986 888 Anno
1009 815 1170 887 Domini
1200 817 1252 888 M.
1264 815 1495 890 CCCCCVI.
1526 817 1721 914 registrum
1741 855 1790 880 ι·-
1821 819 1934 898 Char.

333 938 436 1036 goth.
455 940 516 1014 lat.
535 963 572 1035 p.
598 933 698 1006 1268.
721 946 758 1006 et
777 959 805 1002 1.
829 931 891 1004 fol.
916 957 996 1004 non
1014 930 1099 1028 [ign.
1118 931 1180 1003 lin.
1202 933 1260 1003 60.
1284 931 1306 1002 f.
1511 973 1515 981 ·

523 1073 651 1128 Ponzeri
667 1067 914 1144 AnnahTypogr.
932 1071 966 1124 T.
976 1089 1004 1142 7.
1023 1089 1052 1143 p.
1064 1063 1126 1124 383.
1146 1068 1241 1142 N.47.

420 1215 544 1339 ⁶9...
563 1237 953 1335 nobemnagumae
974 1251 1054 1310 arte
1072 1235 1323 1310 mainsendi
1342 1235 1458 1310 risen
1479 1237 1657 1316 omnibus
1677 1239 1722 1314 aa
1744 1233 1937 1339 poeticam

333 1355 595 1430 anhelantibus
612 1370 689 1428 tam
703 1353 935 1454 jucundique
963 1353 1204 1428 omnifariam
1231 1353 1426 1428 fructiferi.
1455 1351 1554 1426 Cum
1580 1355 1745 1430 Udolricz'
1758 1385 1832 1462 pro
1849 1379 1930 1436 arte
1988 1427 1997 1436 .

332 1473 544 1548 carminum
559 1471 754 1546 Hexastico
768 1511 813 1526 -·
829 1471 932 1545 Haec
951 1469 990 1543 in
1008 1471 1134 1546 fronte
1161 1469 1225 1545 fol.
1248 1498 1281 1542 2.
1304 1469 1466 1570 Epistola
1488 1473 1655 1572 Symom's
1674 1475 1933 1552 Recomoden's

332 1589 512 1685 Angerz'ci
527 1589 682 1662 Ilobeno
699 1588 872 1686 Gogm‘no
894 1587 1079 1686 inscripta.
1092 1627 1136 1642 -
1155 1587 1218 1661 fol.
1237 1587 1295 1665 32.
1318 1587 1381 1659 lin.
1407 1614 1460 1660 ιι.
1481 1589 1566 1663 finis
1585 1591 1713 1666 totius.
1735 1587 1781 1648 -’
1796 1595 1933 1670 Honor

303 1689 305 1694 ¹
331 1705 533 1779 immensus
552 1705 673 1779 tribus
694 1720 733 1780 et
757 1731 835 1777 nno
862 1703 1036 1801 genitrici
1059 1730 1179 1805 aeque
1205 1706 1324 1779 verbi.
1345 1704 1519 1803 Imprimi
1537 1707 1685 1784 curavit
1707 1710 1871 1787 Phorcoe
1894 1713 1934 1788 in

330 1822 485 1897 aedibus
509 1819 958 1918 lhomoeAnselmz'Udol.
982 1821 1175 1895 Corinthus
1186 1823 1490 1921 Menl'eSeptem.
1509 1825 1695 1900 M.D.Vl.
1709 1829 1820 1905 Char.
1833 1856 1929 1906 rom.

330 1927 469 2039 splencl.
488 1939 566 2015 foll.
586 1939 643 2014 32.
660 1967 740 2013 non
758 1939 844 2038 llgn.
864 1938 926 2011 lin.
946 1938 1003 2027 34.
1032 1943 1065 2028 4.
1178 1993 1183 2005 .

455 2159 461 2168 ⁹
521 2080 650 2135 Panaeti
670 2078 774 2133 Annal.
794 2079 926 2154 Typogr.
950 2073 1022 2132 Τ.8.
1040 2092 1141 2152 paap.
1157 2078 1196 2134 N.
1209 2079 1251 2133 ι3.

428 2271 483 2343 7ο.
495 2289 543 2304 -
562 2247 696 2322 Jocobi
715 2247 980 2346 Winphelzitgi
996 2246 1042 2317 de
1065 2243 1278 2342 integritate
1300 2245 1446 2321 libellus
1465 2273 1554 2358 cum
1573 2250 1737 2348 epistolis
1747 2261 1932 2355 praestan-

327 2361 556 2436 tillimorum
582 2365 769 2438 Virorum
793 2364 894 2436 hunc
916 2363 1084 2434 libellum
1108 2356 1403 2460 approbantium
1431 2368 1814 2458 etconfirmantium,
1846 2401 1933 2448 cum

330 2477 737 2577 Iltizgmaom'Phileszi'
752 2479 913 2552 iambico
935 2477 980 2552 ad
998 2477 1212 2575 Ephoebos.
1228 2517 1270 2536 -
1290 2465 1456 2552 Haecin
1480 2482 1607 2556 fronte
1630 2483 1692 2558 fol.
1717 2487 1853 2562 eodem
1874 2517 1931 2564 ca-

328 2595 411 2694 pita
429 2596 476 2668 ad
496 2595 723 2670 libellum-
743 2594 806 2668 fol.
834 2595 866 2666 3.
896 2593 1043 2666 libellus
1069 2594 1116 2667 de
1138 2593 1421 2694 integritate-
1439 2599 1502 2670 fo'l.
1521 2599 1579 2696 37.
1602 2602 1664 2675 lin.
1691 2607 1745 2688 16,
1769 2607 1932 2682 Joonnes

235 2759 243 2764 -
327 2710 584 2784 Knoblouchus
595 2711 687 2783 civis
697 2709 964 2808 argentinenfis
975 2736 1022 2783 ex
1033 2710 1394 2812 Archetypodenuo
1407 2715 1664 2814 imprimebat.
1688 2723 1802 2796 Anno
1822 2726 1931 2824 quin-

329 2827 536 2923 gentelimo
550 2827 675 2914 sexto,
695 2828 805 2927 supra
820 2827 1044 2902 milefimum
1063 2827 1130 2902 Xl.
1154 2829 1343 2905 Kalendas
1369 2833 1610 2911 Novembris.
1639 2837 1749 2915 Char.
1771 2841 1831 2916 lat.
1854 2843 1931 2919 foll.

279 2933 281 2938 ⁸
331 2942 390 3039 37.
412 2943 474 3017 lin.
495 2943 552 3018 32.
580 2950 613 3034 4.
796 2959 799 2968 '

432 3149 436 3158 Ι
456 3161 459 3167 Ι
520 3083 651 3138 Ponzers‘
669 3083 774 3138 Annel.
791 3081 923 3159 Typogr.
941 3085 976 3139 T.
986 3085 1013 3140 6.
1030 3103 1060 3161 p.
1069 3085 1114 3141 35.
1133 3087 1171 3142 N.
1181 3088 1226 3161 73.

305 3311 309 3318 .
427 3277 544 3347 71.—
566 3251 833 3343 Breverbiornm
850 3252 997 3346 libellus
1017 3297 1061 3314 -
1080 3255 1189 3330 Haec
1204 3258 1242 3330 in
1260 3257 1387 3334 fronte
1406 3259 1470 3332 fol.
1491 3263 1627 3338 eodem
1647 3265 1824 3367 Polydori
1850 3275 1930 3344 Ver-

322 3363 415 3462 gilii
430 3367 477 3442 ad
494 3368 635 3442 librum
647 3367 755 3442 suum
765 3368 1077 3468 Epigramma·
1094 3370 1157 3445 fol.
1175 3400 1213 3458 2.
1229 3372 1406 3474 Polydori
1426 3378 1581 3476 Vergilii
1593 3382 1702 3479 Epist.
1713 3383 1760 3460 ad
1777 3387 1928 3460 Gurilom

329 3471 505 3556 Uboldum
532 3485 662 3557 Urbini
678 3486 838 3560 Ducem.
855 3530 901 3542 —
922 3487 985 3558 sol.
1015 3487 1048 3560 3.
1067 3487 1102 3560 b.
1124 3487 1294 3563 Libellus
1315 3494 1612 3590 proverbiorum
1631 3537 1682 3554 -
1695 3498 1759 3572 fol.
1783 3503 1842 3590 64.
1862 3505 1926 3578 lin.

323 3624 381 3694 27.
412 3599 629 3699 imprellum
663 3601 819 3698 licaoniis
844 3629 915 3701 per
936 3603 1116 3676 Ioannem
1149 3605 1195 3688 de
1221 3607 1342 3678 Coreto
1372 3606 1417 3680 de
1449 3607 1596 3682 Tn'dzito
1632 3613 1721 3689 alias
1757 3617 1926 3695 Tocuae'oo.

262 3815 263 3818 Ἴ
324 3714 434 3792 MD.
445 3719 511 3792 Vl.
532 3717 592 3792 die
610 3734 747 3818 quarto
762 3717 895 3792 meniis
913 3719 1015 3817 Maji.
1036 3720 1147 3794 Char.
1162 3721 1266 3818 goth.
1287 3719 1389 3794 latin.
1416 3720 1493 3799 foll.
1519 3727 1576 3815 64.
1601 3729 1664 3804 lin.
1684 3759 1740 3829 29.
1761 3742 1794 3822 4.

513 3857 641 3912 Pomeri
658 3856 763 3912 Annel.
783 3857 915 3929 Typogr.
937 3857 972 3910 T.
985 3851 1011 3909 8.
1032 3857 1071 3910 N.
1081 3858 1147 3931 549.

422 4043 476 4116 72.
489 4061 534 4075 -
553 4021 741 4118 Exposeiro
759 4022 982 4122 Hymnorum
1003 4048 1090 4096 cum
1095 4021 1296 4120 somt‘lz'ori
1312 4048 1530 4106 commento
1548 4033 1624 4108 iam
1647 4035 1792 4112 dudum
1811 4039 1927 4117 inlu-

237 4183 246 4199 .
297 4201 301 4214 ,
327 4160 410 4210 cem
426 4136 598 4210 edito-
616 4138 721 4211 Haec
742 4135 781 4210 in
800 4137 986 4212 fronte-
1004 4140 1050 4214 ad
1078 4141 1206 4216 finem
1223 4143 1286 4217 fol.
1312 4173 1365 4245 79.
1392 4147 1427 4220 b.
1442 4149 1552 4224 <liber
1579 4149 1814 4252 hymnorum
1842 4187 1930 4235 cum
1988 4129 1991 4136 ⁴

327 4253 484 4329 textuali
505 4253 884 4355 interpretatiuncula
906 4255 981 4330 iam
1001 4257 1145 4332 dudum
1164 4259 1347 4336 laboriose
1367 4270 1560 4364 congellus
1586 4267 1722 4345 iterato
1741 4277 1927 4374 reprellus

328 4385 367 4444 et
386 4371 424 4443 in
445 4372 561 4444 domo
581 4369 776 4471 quondam
794 4372 949 4445 Henn'ci
967 4373 1121 4475 Quentel
1146 4379 1317 4450 Colom'oe
1340 4380 1455 4454 Anno
1474 4383 1648 4484 Virginei
1669 4408 1802 4488 partus
1821 4393 1925 4471 sexto

325 4482 436 4584 supra
452 4487 505 4560 M.
527 4487 868 4588 quingentesimum
884 4488 929 4562 ad
950 4489 1065 4564 finem
1083 4494 1217 4566 meniis
1235 4495 1336 4594 Maji.
1351 4538 1394 4552 —
1414 4499 1595 4601 Sequitur
1614 4506 1740 4603 tabula
1761 4508 1926 4610 hymno.
2002 4515 2006 4524 '

325 4627 425 4679 rum.
447 4604 558 4679 Char.
574 4605 677 4702 goth.
697 4604 849 4679 minusc.
877 4605 954 4680 foll.
969 4607 1055 4708 fign.
1068 4610 1125 4710 69.
1147 4626 1186 4683 et
1210 4639 1238 4684 i.
1253 4639 1333 4686 non
1350 4615 1435 4714 lign.
1454 4616 1517 4692 lin.
1537 4625 1595 4707 40.
1618 4622 1693 4695 foll.
1712 4627 1769 4724 69.
1794 4635 1826 4716 4.
1884 4629 1890 4636 ”

518 4745 646 4802 Ραηιενί
664 4744 767 4800 Annal.
788 4745 920 4820 Typogr.
940 4747 975 4800 T.
985 4745 1011 4802 6.
1028 4735 1064 4822 ps
1074 4749 1136 4824 359.
1156 4748 1212 4805 Nr.
1225 4769 1266 4804 ιι.
1285 4754 1365 4808 Haeo
1374 4753 1463 4811 editio
1478 4757 1575 4814 differt
1591 4758 1625 4815 ab
1634 4760 1688 4816 illa
1697 4763 1834 4834 Panaeti,
1851 4785 1924 4842 quae

615 4834 764 4894 exhibetur
775 4837 824 4894 sub
839 4838 940 4898 titulo:
960 4839 1109 4916 Exponuo
1126 4843 1313 4917 Hymnorunr
1331 4867 1396 4905 oum
1412 4853 1537 4910 notabili
1553 4871 1722 4911 commento.

1648 4927 1731 5000 Da
