4706 5868
735 627 976 690 carauoous
1002 627 1586 706 nrauoonartucus,unxi-⁷111.
1897 611 1965 684 103

348 807 462 882 huius
488 803 605 881 libelli
624 805 794 881 carmina
806 806 1019 884 ediderunt.
1039 851 1088 866 -
1105 809 1167 882 fol.
1189 807 1246 896 34.
1265 807 1328 880 lin.
1351 834 1403 879 11.
1420 808 1482 881 fin.
1502 807 1686 882 Chanlat.
1707 805 1782 881 foll.
1803 805 1860 896 34.
1881 822 1961 880 non

353 926 439 1026 fign.
456 925 519 999 lin.
537 931 595 1013 24.
622 930 656 1013 4.

548 1063 678 1117 Panaeti
696 1061 799 1118 huual.
817 1063 951 1136 Typogr.
968 1061 1002 1116 Τ.
1014 1061 1041 1118 6.
1060 1063 1165 1136 p.152.
1183 1061 1223 1116 N.
1236 1059 1297 1116 132.
1328 1059 1417 1136 Zaps
1425 1063 1498 1116 To.
1514 1080 1543 1136 p.
1562 1062 1624 1117 125.
1642 1061 1680 1116 Ν.
1693 1075 1736 1136 ι9,

451 1230 534 1320 304,
544 1271 593 1287 -
609 1226 755 1326 Jestn'da
783 1213 1002 1330 Hieronymi
1023 1230 1198 1303 Poduooi
1222 1229 1269 1303 ad
1295 1229 1567 1304 Reverendurn
1591 1230 1631 1302 in
1647 1213 1794 1302 Christo
1813 1242 1965 1327 patrem

358 1348 558 1423 dominum
578 1346 722 1420 Petrum
746 1348 952 1420 Donatum:
976 1345 1082 1421 urbis
1107 1346 1258 1422 Paduae
1279 1346 1495 1420 Praelulem
1522 1344 1787 1445 dignillimum.
1817 1344 1964 1444 Lipsiae

361 1491 407 1542 ex
426 1464 582 1539 officina
598 1465 811 1538 Malchionis
826 1463 981 1537 botheri
992 1507 1040 1521 -
1065 1463 1229 1538 Haecin
1251 1463 1377 1537 fronte
1400 1463 1469 1536 litt.
1491 1463 1637 1563 majulc.
1656 1464 1720 1536 fol.
1741 1464 1806 1537 ult.
1828 1461 1881 1535 13.
1902 1459 1965 1536 lin.

360 1608 420 1655 21.
438 1607 485 1655 ex
502 1580 658 1656 officina
674 1581 887 1655 Malchion‘s
901 1581 1055 1654 Lothen'
1070 1580 1185 1656 Anno
1205 1577 1366 1655 Domini
1381 1579 1566 1654 Milefimo
1585 1578 1885 1682 quingentehmo
1902 1577 1965 1656 de·

360 1699 461 1776 cimo
479 1713 628 1774 octavo.
656 1699 768 1773 Char.
788 1699 850 1774 lat.
868 1698 997 1798 grand.
1018 1697 1096 1773 foll.
1113 1725 1194 1773 non
1212 1699 1298 1798 fign.
1320 1698 1372 1772 13.
1395 1697 1458 1772 lin.
1476 1697 1533 1771 23.
1561 1703 1595 1786 ζ.

552 1837 635 1912 Opus
651 1837 855 1894 recenlioribus
870 1836 1016 1908 Aualyllie
1036 1838 1229 1913 incognintm.

455 2006 597 2080 305.-
613 2005 775 2080 Secundo
784 2031 876 2106 pars
891 2005 1080 2108 practicae
1095 2006 1134 2078 in
1147 2003 1376 2105 profellione
1394 2003 1608 2103 chirurgica
1623 2031 1697 2106 que
1718 2004 1965 2104 compendio·

360 2121 398 2196 la
411 2139 673 2222 nuncupatur:
693 2124 812 2198 totius
827 2123 1040 2222 chirurgiae
1053 2121 1300 2208 documenta,
1323 2147 1419 2222 quae
1439 2119 1478 2195 in
1495 2121 1648 2222 copiola
1663 2123 1735 2200 five
1745 2123 1964 2223 primapar-

359 2254 399 2312 te
417 2239 548 2312 diffuse
565 2240 802 2339 explicantur
816 2238 1032 2314 summatim
1052 2241 1326 2339 complectens:
1343 2237 1565 2336 nuperrime
1585 2240 1787 2338 compilata
1799 2239 1964 2314 010100-

361 2357 485 2429 netino
501 2357 546 2428 de
567 2357 657 2455 Vigo
675 2355 863 2431 Genuenl.
882 2357 974 2430 olim
993 2357 1091 2430 Jutii
1103 2354 1254 2430 lectmdi
1272 2355 1365 2428 Pon.
1384 2353 1484 2428 Max.
1503 2381 1605 2429 nunc
1625 2383 1717 2430 vero
1737 2357 1843 2428 Sz'oti.
1863 2353 1909 2426 T.
1923 2355 1963 2426 8.
2091 2373 2097 2402 t

359 2471 401 2546 P.
420 2471 468 2547 ad
480 2472 631 2547 vincula
650 2473 837 2548 Cardinal.
856 2473 1136 2547 Sacro-sanctae
1153 2475 1223 2547 Ro.
1243 2499 1296 2546 ec.
1313 2470 1626 2544 Vicecancellarii
1644 2471 1840 2569 chirurgo:
1855 2469 1964 2566 Quae

365 2585 522 2686 quidem
538 2587 645 2661 libris
660 2588 830 2687 quinque
855 2593 1066 2674 constarent
1090 2589 1229 2688 infigne
1250 2587 1501 2687 calcographi
1529 2589 1710 2661 thentz'i
1724 2589 1769 2660 de
1787 2587 1962 2660 Portona-
2100 2599 2105 2608 '

361 2705 485 2776 nte-
499 2703 598 2779 infra
613 2730 703 2777 cum
722 2705 939 2804 Privilegio.
952 2749 1000 2767 ·-
1015 2707 1119 2782 Haec
1142 2706 1180 2779 in
1200 2704 1325 2780 fronte
1341 2746 1392 2763 -
1416 2704 1479 2778 fol.
1501 2710 1558 2794 40.
1584 2703 1648 2778 lin.
1668 2705 1725 2778 28.
1744 2703 1964 2805 imprellum

360 2821 534 2919 lugduni
549 2820 589 2894 in
603 2820 757 2896 aedibus
779 2822 881 2895 loon.
892 2824 937 2895 de
950 2823 1129 2925 Combroy
1138 2866 1188 2882 -
1204 2823 1318 2896 Armo
1329 2819 1529 2921 aVirginia
1538 2837 1651 2922 partu
1658 2821 1843 2898 Milellmo
1854 2819 1965 2924 quin-

365 2937 569 3036 gentelimo
593 2936 670 3012 duo
695 2938 742 3013 de
766 2938 967 3038 vigesimo,
993 2939 1127 3015 menits
1150 2939 1376 3022 Decembris¹
1401 2939 1462 3014 die
1485 2938 1662 3041 vigelimo
1681 2955 1829 3042 quarto.
1852 2940 1966 3042 Regi·

361 3056 490 3144 lirum.
504 3056 611 3156 chs.
628 3055 764 3130 tabula.
791 3056 903 3130 Char.
920 3057 1022 3155 goth.
1042 3057 1177 3133 minut.
1194 3057 1270 3132 foll.
1290 3058 1376 3160 slgn.
1393 3063 1451 3149 40.
1470 3058 1509 3132 in
1526 3073 1610 3134 toto
1628 3064 1685 3150 42.
1703 3057 1767 3135 lin.
1790 3061 1848 3151 54.
1875 3067 1908 3151 4.

551 3192 655 3250 Editio
671 3193 743 3249 hneo
757 3193 899 3250 rarillima
917 3195 949 3250 in
965 3194 1098 3253 riualibus
1114 3197 1210 3272 script.
1232 3195 1377 3272 Bibliogr.
1400 3196 1549 3273 bucusque
1573 3218 1632 3255 non
1649 3200 1800 3256 iuvenitur
1814 3199 1957 3254 recenlita.

651 3285 767 3343 Confer.
785 3287 873 3344 Num.
891 3289 1071 3364 praecedent.
1089 3287 1148 3346 Sub
1165 3292 1251 3346 Anno
1268 3288 1350 3347 2516.

457 3453 540 3528 306.
552 3493 602 3512 -
619 3453 665 3528 lt.
675 3455 715 3527 P.
728 3455 951 3555 Berengon'z'
965 3453 1251 3558 Archiepiscopi
1272 3455 1563 3556 Compostellani
1586 3455 1683 3532 liber
1698 3456 1905 3532 succinctus
1924 3471 1964 3531 et

361 3568 459 3643 mire
484 3568 653 3644 succolus
682 3570 729 3645 de
748 3573 947 3648 eventibus
969 3599 1118 3648 rerum:
1143 3571 1191 3646 ad
1211 3574 1402 3674 sermones
1429 3572 1641 3671 plurimum
1659 3573 1906 3648 conducibilis
1924 3589 1964 3650 et

357 3684 572 3760 fructuosus
597 3686 838 3786 praedicator
860 3689 1032 3790 quisquis
1057 3717 1096 3764 es
1115 3690 1197 3787 lege
1216 3687 1478 3762 0110111100-
1497 3689 1662 3763 Haecin
1685 3690 1811 3764 lronte
1833 3690 1964 3789 figuris

358 3817 548 3874 ornata-
564 3802 628 3877 fot
644 3806 702 3876 25.
720 3804 783 3880 lin.
805 3804 858 3880 13.
880 3805 919 3878 in
933 3805 1091 3879 ollicina
1106 3802 1300 3880 excusoria
1316 3804 1444 3878 Ioann.
1463 3805 1591 3882 Miller
1605 3804 1790 3906 Augustae
1811 3807 1962 3878 vindeli-

356 3939 474 3988 corum
492 3917 596 3990 Vlll.
614 3919 774 3994 Kalend.
800 3920 957 3994 Octobr.
975 3921 1091 3995 Anno
1110 3921 1298 3996 salutifero
1323 3922 1587 3998 NLD.XVlll.
1616 3925 1728 4000 Cher.
1751 3923 1856 4024 goth.
1883 3922 1962 3998 foll.

359 4031 419 4106 25.
435 4029 523 4130 fign.
543 4030 607 4106 lin.
626 4033 685 4134 39.
712 4041 746 4124 4.
772 4037 836 4110 Ex
851 4037 1062 4111 collectione
1074 4037 1312 4112 Herbz'ztbno.

551 4169 680 4228 Panzeri
696 4173 803 4230 tanat
822 4175 955 4252 Typogr.
974 4176 1009 4231 T.
1019 4175 1046 4232 6.
1064 4196 1093 4253 p.
1103 4189 1165 4254 ¹49·
1184 4177 1223 4234 N.
1238 4177 1302 4234 215.
1322 4177 1414 4253 laps.
1433 4179 1469 4234 Τ.
1480 4193 1506 4234 2.
1524 4197 1553 4254 p.
1566 4197 1628 4234 ιιι.
1646 4177 1685 4235 Ν.
1697 4177 1742 4236 26.

458 4335 541 4434 307.
553 4379 601 4395 -
623 4342 884 4416 Commentarei'
899 4345 940 4417 in
957 4343 1100 4445 septem
1119 4345 1324 4445 Tragediao
1344 4344 1557 4447 Sophoclzbr
1575 4372 1673 4447 quae
1697 4371 1745 4422 ex
1772 4345 1854 4422 aliie
1883 4346 1965 4424 eius

361 4456 629 4554 compluribus
660 4458 800 4534 iniuria
828 4477 1049 4562 temporum
1073 4461 1227 4551 01011110,
1244 4463 1341 4538 solae
1357 4461 1641 4562 superfuertmt:
1665 4489 1764 4565 opus
1782 4463 1964 4540 exactilli-

366 4595 495 4656 mum,
515 4571 818 4676 rarillimumque
835 4576 874 4650 in
885 4579 1089 4678 Gymnalto
1101 4578 1275 4654 Mediceo
1291 4577 1965 4657 Caballint'montisaLeonchcimo

367 4685 477 4762 Pom.
506 4689 607 4764 Max.
628 4693 827 4768 constituto
853 4686 1113 4794 recognitum,
1136 4711 1484 4799 repurgatumque,
1517 4715 1631 4799 atque
1654 4698 1700 4773 ad
1721 4723 1965 4774 communem

364 4803 617 4886 studiosorum
634 4805 837 4893 utilitatem
854 4813 894 4890 in
916 4813 1082 4916 plurima
1103 4817 1334 4918 exemplaria
1362 4815 1524 4906 editum,
1551 4842 1631 4893 non
1649 4815 1724 4894 fine
1742 4815 1964 4922 privilegio:
