4696 5860
665 700 675 710 .
755 655 1016 714 carimeris
1043 653 1417 712 niauooafflncus
1443 655 1579 712 unvn.
1931 639 1974 716 31

442 835 450 843 '
540 885 545 890 ,
663 833 765 904 iusque
781 832 939 899 recensuit;
965 829 1099 902 omnibus
1122 846 1195 886 certe
1213 831 1339 886 eiusdem
1363 833 1500 906 temporis
1519 829 1694 888 editionibus
1724 831 1881 891 cracoviae
1897 833 1979 892 iactis

660 921 811 996 splendore
827 939 857 994 et
872 922 1067 978 exactitudina
1086 941 1144 976 non
1162 921 1245 977 cedit.

472 1091 531 1178 84.
545 1131 595 1146 --
612 1089 661 1162 M.
686 1089 723 1162 T.
737 1129 739 1136 ι
752 1091 933 1162 Ciceronis
957 1089 1003 1162 ad
1020 1090 1240 1198 Herennium
1259 1089 1558 1206 ilhetoricorum
1581 1115 1785 1164 novorum.
1803 1133 1853 1149 -
1876 1094 1979 1168 Haec

376 1205 417 1278 in
440 1206 566 1280 fronte
592 1231 680 1278 cum
704 1205 831 1304 infign.
848 1207 981 1279 Polon.
999 1252 1043 1265 -
1071 1207 1134 1278 sol.
1160 1204 1246 1280 eod.
1272 1206 1435 1305 Epistola
1454 1204 1660 1304 Baphoelr's
1683 1207 1799 1304 Regii
1820 1207 1980 1284 Antonio

375 1324 592 1396 Lauredono
609 1322 729 1422 equiti
748 1322 991 1422 inscripta-
1009 1323 1073 1396 sol.
1090 1349 1123 1395 2.
1149 1322 1245 1396 liber
1262 1323 1410 1420 primus
1427 1363 1476 1380 ·-
1492 1322 1556 1395 sol.
1574 1323 1630 1396 53.
1655 1322 1718 1396 lin.
1745 1349 1798 1395 ra.
1825 1323 1979 1423 impres-

375 1442 455 1513 sum
477 1443 677 1513 Crucorroe.
694 1439 809 1512 Anno
827 1440 1101 1539 redemptionis
1124 1441 1226 1535 1507.
1252 1439 1293 1512 in
1311 1439 1440 1536 vigilia
1460 1438 1574 1512 sancti
1590 1440 1760 1512 Laurent.
1784 1440 1977 1538 Martyris.

370 1558 487 1632 Char.
505 1557 608 1656 goth.
627 1555 714 1654 spat.
733 1556 950 1631 interiectis.
969 1557 1082 1631 litter.
1101 1555 1232 1630 initial.
1255 1571 1294 1630 et
1308 1556 1437 1654 Epigr.
1453 1555 1581 1653 grand.
1599 1555 1676 1630 soll.
1695 1557 1751 1631 53.
1776 1581 1855 1630 non
1872 1581 1977 1632 uum.

374 1674 437 1748 lin.
455 1675 513 1749 28.
533 1681 568 1762 4;

504 1799 508 1808 ’
565 1809 668 1866 Editio
683 1809 827 1881 Analystis
845 1813 1013 1886 incognita:
1035 1810 1161 1866 eiusdem
1177 1811 1263 1886 plane
1280 1809 1456 1877 venustatis,
1473 1814 1518 1866 uti
1535 1813 1712 1886 praecedens.
1807 1857 1808 1860 ¹

387 2047 388 2052 ,
466 1978 583 2051 85.-
597 1980 696 2052 Vitas
709 1979 856 2052 Potrum
869 1980 1054 2054 hommum
1065 1981 1202 2053 sumen
1211 2009 1223 2052 .·
1233 1982 1307 2053 celi
1316 1982 1373 2051 rio
1391 1977 1977 2080 opuspraeclarumbeotr'Hrero-

354 2097 475 2196 cymi
489 2094 529 2167 in
542 2096 621 2170 vita
637 2097 674 2168 8.
691 2095 867 2169 Patrum:
887 2097 933 2170 de
951 2123 1054 2170 novo
1073 2114 1291 2172 correctum
1316 2113 1354 2172 et
1367 2089 1537 2171 amendia
1555 2097 1779 2196 castigatum.
1815 2099 1932 2196 Quod
1955 2099 1981 2171 li

372 2212 456 2310 quis
472 2229 651 2310 peccator
665 2213 870 2313 compungi
886 2214 1001 2287 corde
1024 2214 1133 2300 velit,
1153 2214 1297 2288 intente
1312 2215 1428 2312 legat,
1455 2229 1494 2288 et
1508 2229 1673 2288 attentus
1690 2215 1785 2288 lecta
1801 2216 1982 2290 ruminet:

356 2329 472 2428 'Nam
486 2328 632 2403 ferreus
649 2330 739 2417 erit,
760 2330 976 2418 silletucor
992 2329 1071 2404 eius
1090 2356 1170 2403 non
1186 2329 1366 2403 moliatur
1383 2355 1525 2415 amaro,
1543 2330 1821 2428 melioremque
1836 2331 1929 2404 velit
1942 2347 1982 2404 et

282 2441 294 2454 ”
348 2445 557 2520 -summere
575 2446 1059 2520 vitam-Haecinsronte
1071 2473 1159 2518 cum
1179 2473 1232 2518 12.
1248 2445 1420 2517 iconibus
1434 2444 1523 2516 min‘.
1544 2462 1583 2518 et
1600 2470 1678 2517 uno
1697 2445 1830 2540 majori
1848 2444 1888 2517 in
1900 2470 1979 2519 me-

374 2561 436 2633 dio
454 2577 492 2633 et
509 2561 657 2634 duobus
668 2562 829 2634 distichis
843 2589 867 2662 a
881 2544 1056 2636 latere-
1067 2559 1238 2661 sequitur
1256 2559 1511 2634 tabula-fol
1528 2553 1808 2658 1.prologus-'-
1820 2560 1883 2632 fol.
1901 2567 1980 2658 194.

281 2755 286 2765 ,
374 2675 436 2748 lin.
453 2677 511 2748 23.
528 2675 732 2749 Beatissimi
746 2678 965 2777 Hieronymi
981 2677 1191 2752 Cardinalis
1206 2674 1422 2777 presbyteri
1438 2676 1582 2750 sanctae
1599 2699 1779 2764 romanae
1794 2676 1980 2756 Ecclesiae
2021 2667 2030 2684 ’

375 2790 582 2884 catholicae
598 2791 765 2866 doctoris
783 2794 967 2893 precipue
987 2794 1093 2878 libris
1113 2794 1178 2893 qui
1196 2793 1291 2868 vitas
1307 2809 1462 2892 patrum
1482 2790 1757 2879 inscribuntur,
1778 2793 1979 2892 diligenter

375 2906 618 2994 examinans,
636 2909 885 3011 vigilantique
900 2909 1023 2996 studio*
1039 2911 1264 3009 emendatis,
1293 2926 1408 3010 atque
1432 2935 1502 3010 per
1518 2924 1681 3008 punctos
1701 2924 1740 2982 et
1755 2927 1905 2984 comata
1921 2911 1977 2983 di-

372 3023 510 3098 stinctis
527 3051 652 3123 nuper
669 3026 888 3126 impressum
902 3071 953 3085 -
972 3070 1013 3086 -
1029 3053 1166 3126 —per
1181 3027 1378 3101 honestum
1388 3026 1516 3102 virum
1532 3026 1668 3098 sonnot
1681 3024 1727 3100 de
1741 3029 1975 3127 Cumpr'sAn-
2052 3111 2056 3120 ,

368 3167 420 3216 no
436 3145 581 3214 nostrae
601 3141 727 3216 salutis
743 3145 1037 3218 MCCCCCVll.
1065 3145 1125 3218 die
1151 3171 1246 3218 vero
1273 3144 1400 3217 XXII.
1427 3143 1560 3218 mensis
1577 3143 1813 3218 Decembris.
1839 3144 1975 3243 lnfigni

370 3258 600 3358 typographi
620 3279 710 3332 cum
727 3259 988 3361 inscriptione:
1024 3263 1123 3334 C'est
1143 3278 1229 3335 tout
1246 3287 1338 3334 mon
1353 3260 1486 3359 plaisir.
1511 3261 1574 3333 sol.
1597 3265 1675 3357 194.
1698 3260 1733 3332 b.
1756 3259 1852 3334 aliae
1871 3287 1906 3332 2.
1933 3261 1976 3332 fi-

333 3465 335 3470 ,
371 3399 486 3474 gurae
503 3401 590 3449 cum
606 3375 876 3475 inscriptione:
903 3391 1097 3452 memento
1124 3376 1217 3450 finis.
1246 3377 1357 3450 Char.
1385 3378 1489 3476 goth.
1515 3375 1668 3450 minusc.
1693 3374 1907 3472 permultae
1931 3375 1973 3446 fi-

318 3507 319 3510 ’
371 3514 487 3588 gurae
503 3491 623 3566 lineae
640 3490 801 3566 initiales
819 3494 947 3588 grand.
966 3484 1137 3591 soll.194.
1156 3519 1304 3568 numer.
1328 3493 1392 3566 lin.
1410 3494 1466 3564 56.
1484 3498 1517 3578 4.

563 3627 763 3688 verisimiliter
779 3629 836 3684 hoc
853 3649 924 3704 opus
939 3631 1068 3704 Parisiis
1086 3631 1248 3706 impressum
1264 3630 1336 3684 suit:
1356 3631 1460 3684 Junort
1478 3625 1512 3680 de
1534 3628 1651 3701 Campis
1674 3625 1772 3681 saltem
1789 3627 1865 3681 inter
1891 3629 1974 3702 igno·

660 3733 703 3773 tos
719 3733 837 3795 apparet
855 3721 1054 3796 typographos
1071 3737 1180 3776 etcum
1197 3723 1310 3777 Joonne
1327 3719 1361 3773 de
1378 3719 1478 3774 Protis
1497 3716 1681 3794 typographo
1703 3717 1844 3773 Parilienii
1860 3736 1920 3773 non
1938 3715 1975 3772 est

532 3827 536 3832 ·
660 3811 886 3868 confundendus.

469 3975 527 4048 86.
546 4015 595 4036 ·-
613 3976 838 4051 Harmoniae
854 3980 957 4050 Petri
974 3979 1130 4051 Tn'tom’i
1142 3979 1254 4079 super
1268 3978 1350 4053 odis
1359 3979 1692 4053 Horao'irracci-
1702 3976 1750 4051 ad
1758 3976 1973 4052 Lectorem.

374 4090 541 4166 Candide
555 4092 697 4166 Lector
712 4094 941 4169 Harmoniae
958 4111 1043 4170 ante
1065 4095 1255 4198 impressas
1274 4097 1346 4172 slve
1364 4097 1459 4172 vitio
1476 4093 1702 4194 exemplaris
1718 4091 1783 4166 seu
1798 4093 1871 4166 alia
1882 4119 1974 4193 qua-

374 4207 461 4282 dam
490 4208 636 4282 incuria
660 4209 881 4309 depravatas
903 4239 1006 4286 nunc
1032 4213 1195 4312 integras
1221 4214 1393 4312 accipies.
1421 4259 1467 4276 --
1496 4213 1601 4286 Haec
1625 4210 1814 4294 insronte
1840 4251 1886 4268 -
1910 4211 1974 4284 sol.

371 4325 510 4399 eodem
526 4327 820 4402 Harmoniae-
843 4329 976 4402 solea
998 4328 1061 4402 lin.
1084 4357 1137 4402 11.
1162 4328 1286 4403 denuo
1306 4329 1501 4430 impressae
1524 4354 1594 4428 per
1615 4327 1821 4401 Ersrordum
1845 4328 1973 4425 Veglin

246 4473 252 4480 ·
373 4439 556 4538 Augustae
570 4443 737 4518 MDVll.
760 4443 934 4519 viceslma
951 4444 1114 4521 secunda
1133 4445 1192 4520 die
1208 4448 1404 4545 Augustae.
1433 4472 1521 4520 cum
1548 4446 1649 4544 signo
1669 4461 1827 4545 'typogn
1856 4446 1896 4520 E.
1923 4445 1971 4520 Ο.

346 4585 395 4632 ·a
411 4558 527 4634 latere
542 4559 687 4635 dextro.
708 4562 818 4636 Char.
837 4588 934 4636 rom.
950 4562 1089 4663 splend.
1109 4565 1185 4637 foll.
1197 4589 1255 4635 22.
1274 4563 1337 4636 lin.
1357 4563 1556 4664 penultimi
1569 4563 1636 4668 sol.
1656 4562 1712 4635 23.
1727 4568 1759 4650 4.
1887 4641 1893 4648 ,.

565 4695 668 4772 zapsti
683 4701 787 4758 Annal.
808 4703 939 4778 Typogr.
958 4722 987 4778 p.
1002 4703 1047 4762 51.
1071 4704 1196 4769 mirum,
1212 4701 1471 4776 quadrennium
1485 4702 1555 4760 haec
1571 4699 1661 4759 editio
1677 4699 1794 4775 sugerit.
