4706 5868
746 539 986 628 caranooos
1012 567 1386 630 arunoonarnrcus
1412 571 1566 630 nnxrn.
1639 615 1642 628 .
1914 557 1961 653 69

462 744 732 842 199.··-Habes
748 744 810 818 hic
826 744 984 820 amande
998 743 1119 820 lector
1132 761 1280 820 textum
1289 746 1454 834 Parvuli,
1464 747 1567 846 quod
1578 729 1684 822 aiunt
1694 743 1959 844 Philosophiae

362 861 543 936 naturalis
566 887 654 936 cum
678 861 1195 938 commentariis-Mothana
1220 861 1589 964 Qualle‘Carniolani
1607 881 1715 939 etue
1738 863 1960 962 gravillimis

363 978 587 1052 authoribus
615 977 957 1078 decerptis—cum
983 979 1064 1054 aliis
1085 995 1168 1052 tum
1193 979 1251 1052 his
1280 979 1361 1056 viae
1390 979 1642 1056 nominalium
1665 978 1815 1066 addicti,
1844 983 1961 1080 profi-

362 1096 649 1170 ciunt-Haec
667 1096 707 1169 in
726 1097 984 1172 fronte-fol.
1010 1123 1042 1170 2.
1070 1097 1233 1198 Epistola
1246 1097 1362 1172 Math.
1390 1097 1521 1199 Qualia
1539 1097 1586 1172 ad
1613 1097 1766 1170 Paulam
1791 1095 1963 1194 Oberstei-

362 1211 554 1285 ner-iol.
575 1238 633 1310 90.
652 1213 715 1287 lin.
740 1241 797 1311 27.
819 1214 972 1288 Parvuli
993 1213 1128 1287 Philol.
1146 1215 1326 1290 naturalis
1352 1230 1534 1289 textus-
1554 1216 1594 1289 in
1619 1214 1775 1292 officina
1793 1213 1959 1288 industrii

364 1329 522 1412 Hann‘ci
534 1329 633 1402 Gran
655 1329 746 1403 civis
768 1329 807 1402 in
822 1330 966 1429 oppido
985 1331 1173 1429 imperiali
1190 1332 1378 1429 Haganan
1396 1330 1602 1429 imprellus.
1624 1333 1738 1404 Anno
1753 1329 1877 1406 salutis
1894 1331 1963 1404 hu-

294 1441 298 1449 ’
363 1469 498 1519 manae
519 1445 621 1518 1513.
638 1445 814 1545 vigelima
830 1463 963 1522 octava
980 1447 1041 1520 die
1058 1447 1296 1548 Septembris
1321 1448 1404 1522 linit
1425 1447 1594 1523 feliciter.
1621 1448 1731 1522 Char.
1763 1448 1865 1546 goth.
1893 1447 1983 1530 mi,

363 1560 484 1638 nutill.
501 1563 578 1637 loll.
596 1589 654 1663 90.
668 1590 747 1638 non
765 1589 912 1638 numer.
933 1564 995 1639 lin.
1018 1567 1076 1639 60.
1097 1571 1131 1655 4.

553 1704 682 1758 Panaeti
697 1703 803 1758 Annei.
822 1703 955 1778 Typogr.
975 1705 1011 1766 Τ.
1019 1703 1047 1764 6.
1061 1699 1143 1779 p.78.
1162 1704 1200 1760 N.
1210 1699 1256 1764 88.

463 1895 608 1944 aoo-
624 1870 665 1942 C.
688 1867 806 1971 oispi
823 1869 991 1969 Sallustii
1012 1871 1058 1946 de
1085 1853 1349 1948 coniuratione
1382 1874 1581 1958 Catilinae,
1608 1871 1779 1947 eiusdem
1797 1869 1842 1946 de
1861 1870 1960 1946 bello

353 1985 605 2084 ,jurgurthino
624 1983 717 2062 item
739 1987 856 2089 Crispi
869 1990 1036 2087 Sallustii
1048 1989 1178 2065 vita-
1199 1989 1338 2090 inllgne
1354 1991 1525 2091 Typogr.
1541 2005 1579 2064 et
1592 1989 1689 2064 inlra
1706 1989 1847 2063 Lector
1865 2015 1961 2076 eme,

366 2103 464 2200 lege,
495 2119 533 2178 et
556 2104 756 2204 probabis:
782 2133 828 2181 ex
855 2107 1015 2181 secunda
1039 2107 1301 2206 recognitione
1327 2109 1371 2182 T.
1391 2107 1496 2182 0.-
1515 2107 1676 2184 Haecin
1696 2105 1879 2182 fronte-
1898 2106 1961 2179 fol.

365 2203 446 2292 eod.
465 2221 500 2294 b.
522 2220 728 2319 Baithasar
750 2223 869 2297 fidelis
894 2223 1056 2322 Epillola
1070 2267 1119 2282 -
1139 2225 1200 2298 sol.
1223 2225 1280 2300 63.
1313 2226 1375 2301 lin.
1398 2233 1456 2314 24.
1484 2225 1720 2322 Argentorati
1737 2250 1783 2299 ex
1807 2223 1962 2297 aedibus

365 2336 685 2413 Sabureriimenle
704 2340 796 2413 Dec.
819 2341 934 2414 Anno
952 2341 1004 2413 M.
1023 2342 1071 2415 D.
1090 2343 1194 2414 Xlll.
1215 2358 1397 2440 regnante
1417 2341 1592 2446 imperati
1614 2339 1713 2413 Cael.
1733 2339 1963 2412 Maxiinz'lia-

364 2480 412 2526 no
426 2455 465 2528 P.
486 2455 525 2528 F.
544 2457 642 2554 Aug.
661 2457 701 2528 P.
719 2457 818 2529 P.-
839 2457 950 2530 Char.
969 2459 1029 2532 lat.
1054 2459 1128 2532 loll.
1149 2459 1206 2532 63.
1224 2457 1309 2558 fign.
1329 2459 1467 2531 inloto
1486 2457 1543 2544 64.
1563 2457 1627 2529 lin.
1652 2483 1708 2552 27.
1737 2462 1768 2544 4.

553 2595 681 2648 Panzeri
698 2594 956 2698 Annal'Typogr.
976 2597 1010 2650 Τ.
1021 2595 1047 2652 6.
1066 2597 1150 2674 963.
1166 2597 1204 2652 N.
1217 2597 1280 2652 305.

458 2805 600 2852 τισι.-
615 2783 757 2882 Hymni
772 2783 818 2856 de
834 2800 1010 2884 tempore
1032 2801 1070 2858 et
1090 2782 1135 2857 de
1160 2784 1306 2858 Sanctis
1324 2783 1363 2856 in
1384 2809 1468 2857 eam
1487 2783 1662 2868 formam,
1681 2807 1756 2881 qua
1771 2807 1793 2854 a
1806 2780 1878 2855 luis
1898 2807 1961 2854 au·

365 2895 535 2996 ctoribus
550 2896 677 2998 scripti
694 2898 779 2977 lunt
797 2900 922 2974 denuo
946 2901 1088 2975 redacti
1114 2917 1153 2974 et
1176 2899 1382 2975 secundum
1409 2901 1532 2998 legem
1558 2897 1735 2974 carminis
1761 2898 1961 2996 diligenter

365 3014 552 3088 emendati
578 3031 692 3116 atque
717 3017 967 3116 interpretati.
994 3021 1109 3092 Anno
1129 3017 1286 3092 Domini
1311 3018 1364 3090 M.
1374 3016 1421 3090 D.
1434 3017 1539 3090 Xlll.
1568 3043 1657 3090 cum
1680 3015 1895 3114 Privilegio.
1912 3055 1962 3072 -

363 3131 468 3214 Haec
491 3131 531 3205 in
550 3133 736 3208 fronte-
756 3134 874 3209 limbo
899 3135 1094 3210 inclusa-
1119 3135 1184 3209 fol.
1203 3135 1339 3210 eodem
1368 3135 1403 3209 b.
1432 3135 1711 3234 Winplzeltngii
1727 3132 1890 3240 Epistola
1914 3129 1961 3205 ad

295 3349 299 3356 ἡ
373 3248 737 3325 Woelffin-fol.
750 3254 808 3328 80.
825 3252 887 3327 lin.
906 3255 963 3328 28.
982 3270 1021 3329 et
1036 3253 1082 3327 fic
1093 3253 1350 3329 terminantur
1366 3251 1499 3353 hymni
1510 3249 1737 3326 universales
1754 3248 1959 3322 etc-im·
2028 3245 2042 3252 “
2170 3293 2175 3302 ·

363 3363 474 3464 prelii
496 3394 566 3467 per
586 3368 789 3442 Iohannem
811 3370 1082 3445 Knobloacli-
1095 3370 1232 3444 ultimo
1260 3369 1322 3443 die
1348 3369 1477 3443 Martii
1497 3367 1611 3440 Anno
1637 3365 1758 3439 salutis
1775 3362 1959 3435 Milestmo

363 3483 662 3581 quingentefimo
685 3486 800 3561 tertio
826 3487 985 3562 decimo.
1013 3488 1124 3562 Char.
1143 3486 1281 3587 gothic.
1308 3484 1347 3559 in
1365 3501 1472 3558 textu
1497 3481 1641 3581 majulc.
1667 3481 1705 3552 in
1725 3481 1873 3581 Comm,
1890 3477 1959 3552 mi·

362 3615 441 3672 nut.
468 3599 545 3674 foll.
562 3602 646 3699 llgn.
665 3605 723 3676 80.
740 3603 804 3678 lin.
826 3607 883 3693 45.
910 3612 943 3693 4.

423 3787 426 3796 ,
552 3741 679 3796 Panzeri
694 3741 801 3797 Annal.
819 3743 951 3817 Typogr.
972 3743 1007 3797 T.
1019 3741 1045 3798 6.
1063 3761 1092 3816 p.
1102 3743 1147 3818 59
1165 3743 1204 3797 Ν.
1213 3756 1276 3815 279.
1368 3769 1370 3773 ·

458 3952 599 4016 202,-
619 3929 832 4028 Sequantzae
850 3943 887 4000 et
901 3928 1043 4028 Hymni
1054 3954 1142 4002 curn
1162 3927 1423 4001 dilliciliorum
1441 3923 1716 3999 vocabulorum
1736 3923 1961 4020 interpreta·
2048 4007 2051 4014 ‚

365 4043 470 4117 tione
489 4042 666 4116 omnibu's
683 4041 902 4118 scholasticis
926 4061 965 4119 et
991 4045 1234 4121 eccleltaflicis
1255 4043 1410 4143 cognitu
1429 4039 1630 4116 necellaria
1646 4041 1854 4111 Hermanni
1879 4038 1964 4110 Tar·

364 4161 501 4234 reatini
516 4159 564 4233 de
582 4161 759 4236 omnibus
778 4161 927 4261 linguae
941 4163 1078 4238 latinae
1094 4162 1257 4237 studiosis
1277 4187 1391 4262 quam
1406 4159 1551 4260 optime
1566 4155 1692 4230 meriti
1707 4199 1747 4215 ·-
1765 4153 1962 4229 novillima

366 4277 482 4352 editio
500 4305 588 4354 cum
604 4279 730 4352 tabula
745 4273 1022 4354 vocabulorum
1037 4297 1146 4354 antea
1160 4305 1358 4380 nunquam
1374 4274 1547 4376 imprella
1563 4275 1676 4347 Anno
1703 4274 1803 4347 1513.
1822 4273 1884 4346 fot.
1902 4273 1959 4346 30.

363 4397 426 4470 lin.
436 4398 494 4471 26.
503 4439 554 4454 -
564 4395 771 4506 expliciunt
780 4397 915 4498 hymni
927 4396 1186 4498 etlequentiae
1197 4421 1284 4469 cum
1293 4395 1528 4495 hymnorum
1536 4390 1729 4488 vocabulis
1743 4393 1915 4464 Coloniae
1924 4389 1963 4462 in

364 4513 522 4590 officina
532 4514 785 4613 ingenuorum
801 4513 974 4616 Quentell.
987 4514 1097 4588 Char.
1111 4513 1212 4612 goth.
1223 4513 1299 4586 loll.
1310 4513 1480 4608 37.num.
1497 4509 1626 4583 intoto
1642 4515 1711 4598 402
1725 4508 1799 4583 lin=
1813 4509 1870 4597 48.
1881 4543 1894 4574 =
1906 4513 1963 4595 la

558 4655 686 4709 Panaeti
703 4653 809 4708 Annei.
829 4655 960 4750 Tynogr.
980 4654 1015 4708 T.
1024 4651 1051 4708 6.
1070 4673 1098 4728 p.
1116 4668 1179 4726 272.
1199 4651 1237 4708 N.
1254 4651 1316 4707 225.
1333 4651 1391 4706 alin
1407 4649 1521 4726 prorsus
1539 4647 1647 4716 editio,
1665 4663 1752 4722 quam
1776 4646 1828 4702 illa
1844 4663 1961 4722 praeoe-

653 4743 732 4800 danti
750 4745 839 4803 Num.
858 4762 920 4803 aoo.
939 4745 1076 4802 indicata.
