4706 5868
373 681 421 754 66
767 693 1007 753 eiriroeus
1032 691 1407 764 eremocnirmeos
1433 669 1590 751 ubxm.

371 877 447 948 tini
460 875 747 948 Annotationes.
758 913 807 930 -
823 873 873 946 M
901 873 1061 986 Terentii
1082 873 1236 946 Verom's
1257 874 1304 948 de
1322 872 1451 972 lingua
1466 872 1580 948 latina
1597 871 1684 945 libri
1704 887 1781 948 tres
1799 873 1980 970 Quartus,

372 993 550 1089 Quintus.
567 993 776 1065 Sextus.-
793 989 974 1064 Eiusdem
1000 989 1046 1064 de
1067 989 1254 1088 Analogia
1281 989 1367 1064 libri
1395 985 1554 1068 trec-4
1578 990 1684 1061 Sexti
1704 987 1867 1090 Pompejt'
1891 989 1986 1086 usti

371 1107 609 1207 undeviginti
626 1109 814 1182 librorum
831 1108 1051 1207 fragmenta.
1067 1147 1112 1167 -
1125 1105 1407 1208 Nonr'Marcellr'
1422 1105 1736 1206 Compendia‚.in
1752 1108 1890 1207 quibus
1906 1126 1981 1184 ter-

371 1225 426 1300 tia
439 1225 519 1299 fere
537 1251 626 1326 pars
647 1225 774 1300 addita
793 1228 859 1299 est:
879 1250 959 1298 non
978 1239 1064 1298 ante
1088 1222 1281 1323 imprella,
1304 1224 1418 1326 idque
1434 1223 1564 1298 labore
1583 1239 1621 1298 et
1639 1223 1833 1322 diligentia
1849 1227 1980 1300 Jucun-

372 1344 416 1416 di
428 1343 542 1418 nollri
570 1339 798 1438 Veronensis:
817 1341 940 1442 quiin
955 1341 1084 1414 Gallia
1101 1340 1271 1414 Nonium
1283 1367 1373 1414 cum
1393 1340 1557 1440 antiquis
1574 1341 1737 1414 contulit
1752 1341 1978 1443 exemplari·

373 1461 456 1534 bus.
482 1459 646 1532 Additus
660 1475 858 1558 praeterea
876 1463 925 1532 eli
947 1458 1082 1556 longus
1101 1471 1282 1532 tractatus
1304 1456 1351 1531 de
1376 1456 1588 1556 generibus.
1602 1499 1647 1512 —
1665 1457 1835 1556 Haecin
1855 1458 1981 1533 fronte

371 1603 459 1652 cum
479 1576 605 1680 inlign.
628 1577 727 1649 Aldi.
746 1576 809 1649 fol.
828 1574 910 1649 eod.
933 1573 969 1647 b.
988 1573 1097 1674 Epist.
1118 1574 1205 1646 Aldi
1228 1573 1274 1647 ad
1288 1574 1503 1647 Lectorem.
1521 1573 1728 1673 -Sequit
1747 1573 1979 1674 ByrrhiPer-

373 1697 447 1768 toti
459 1693 705 1768 Prooemium
730 1693 770 1766 in
795 1691 1065 1792 Cornucopiae'
1088 1706 1156 1765 etc.
1177 1691 1241 1765 fot.
1265 1718 1298 1764 2.
1324 1717 1404 1763 non
1433 1689 1518 1788 fign.
1539 1690 1854 1766 commemoratio
1882 1691 1981 1764 vitae

371 1812 427 1885 Μ.
456 1811 800 1905 Valerii-Mamolrb.
813 1845 858 1866 -
875 1810 938 1883 fol.
961 1808 995 1883 3.
1011 1807 1145 1907 incipit
1169 1807 1283 1881 index
1298 1850 1347 1864 -
1364 1833 1487 1907 usque
1504 1808 1567 1880 fol.
1596 1811 1652 1905 76.
1673 1809 1811 1880 Leonis
1834 1808 1930 1880 Julir'
1944 1817 1989 1881 et'
2106 1797 2108 1804 ’
2134 1777 2139 1784 ’

249 1967 256 1992 ’
321 1961 323 1966 ’
375 1923 1984 2028 Alexandn'priviteg,empne-pag,„115stuiolas·pemiscomucopiae..

373 2075 412 2148 p.
435 2044 537 2120 1236.
556 2045 641 2144 sign.
658 2046 722 2121 lin.
738 2073 797 2144 29.
829 2045 986 2118 Venetzi's
1003 2042 1043 2116 in
1062 2041 1216 2118 aedibus
1236 2042 1332 2115 Aldi
1349 2057 1388 2115 et
1407 2041 1578 2114 Andreae
1597 2043 1725 2112 Soceri.
1752 2040 1804 2112 Μ.
1816 2040 1863 2112 Ι).
1875 2041 1979 2114 Xlll.

375 2162 502 2238 mense
522 2163 752 2239 Novembris
774 2162 837 2236 fot.
854 2160 928 2261 seq.
947 2159 1097 2259 inligne.
1116 2160 1215 2234 Aldi.
1239 2160 1341 2234 Char
1359 2159 1420 2232 lat.
1439 2157 1577 2257 splend.
1597 2156 1757 2256 Numeri
1774 2183 1892 2256 marg.
1905 2157 1980 2232 foll.
2071 2231 2085 2239 ,,

373 2283 438 2376 .76.
457 2307 536 2356 non
554 2280 639 2380 [ign.
659 2306 696 2380 p.
720 2279 821 2368 1436.
841 2277 927 2376 lign.
947 2278 1011 2351 lin.
1031 2279 1088 2350 62.
1117 2277 1140 2350 f.

567 2421 696 2474 Ponzen'
709 2417 814 2472 Annal.
836 2417 977 2564 'l'ypogr⁸8
989 2416 1023 2470 T.
1033 2410 1061 2470 8.
1078 2435 1106 2490 p.
1117 2386 1181 2490 6¹⁵·
1200 2415 1238 2470 Ν.
1250 2409 1313 2472 628.
1334 2415 1436 2470 Mater.
1456 2413 1491 2468 Τ.
1503 2427 1528 2468 2.
1544 2413 1643 2488 p.25o.
1663 2411 1742 2469 Serio
1758 2410 1825 2468 dell*
1841 2413 1984 2468 Edizioui

664 2509 778 2566 Aldine.
799 2511 889 2584 p.35.
908 2509 948 2565 N.
977 2548 986 2562 .
1081 2541 1085 2552 ·

477 2706 611 2778 191.··-
628 2678 760 2751 Jacobs·
772 2677 1069 2750 Henriclrmonm'
1088 2673 1362 2775 indellingenfis
1386 2673 1654 2774 grammaticae
1672 2671 1922 2748 institutiones
1940 2715 1986 2729 -

376 2795 602 2872 Exhortatio
622 2792 792 2868 eiusdem
811 2794 856 2866 ad
873 2820 1026 2894 pueros,
1039 2809 1087 2868 ut
1102 2794 1340 2893 eloquentiae
1359 2794 1673 2868 lludeant-Ars
1694 2791 1985 2866 condendorum
2108 2817 2111 2822 ’

382 2915 595 2990 carminum
610 2912 922 2985 Henrr'ciBebelii
933 2908 1170 3007 Justingenfis
1190 2927 1326 3009 poetae
1342 2910 1501 2984 laureati
1521 2933 1609 2984 cum
1621 2907 1876 2984 additionibus
1894 2906 1990 2978 mul-

379 3033 427 3108 tis
445 3057 516 3134 per
533 3045 706 3103 autorem
723 3027 843 3129 ipsum
859 3027 1057 3102 emendata
1075 3025 1343 3126 diligenter-
1358 3027 1637 3099 Racemotzbnes
1654 3041 1692 3098 et
1708 3021 1988 3098 observationes

382 3133 564 3226 eiusdem.
577 3191 620 3206 -
641 3145 920 3220 centimetrum
938 3145 1064 3219 Mauri
1078 3144 1195 3215 Semi
1208 3142 1391 3216 Honorati
1401 3138 1647 3241 grammatici.
1666 3185 1711 3199 -
1731 3139 1990 3235 Alphabetum

382 3292 562 3370 graecum
582 3291 669 3338 cum
688 3263 897 3338 dictionum
915 3263 1136 3362 grae’carum
1155 3259 1348 3360 apicibus,
1369 3258 1436 3359 qui
1451 3257 1490 3331 in
1507 3255 1671 3330 aliorum
1688 3253 1991 3352 impressionibus

383 3385 467 3460 lunt
485 3381 713 3481 neglecti-
731 3381 894 3455 Haecin
915 3379 1041 3453 fronte
1064 3376 1182 3451 limbo
1204 3391 1370 3450 ornatae.
1393 3373 1446 3447 sol
1485 3371 1621 3447 eodem
1644 3370 1679 3443 b.
1695 3369 1856 3444 Johann.
1876 3369 1993 3440 Hilte-

382 3503 508 3576 braoti
520 3499 682 3600 Epistola
698 3498 744 3572 ud
760 3497 964 3572 Lectorem
983 3513 1052 3582 etc,
1068 3497 1131 3571 fot.
1149 3497 1181 3568 6.
1201 3491 1334 3592 incipit
1345 3489 1662 3565 Grammatica—
1678 3482 1843 3560 fol.'126.
1857 3483 1921 3560 lin.
1932 3509 1989 3556 20.

390 3619 577 3716 Tubingoe
595 3615 807 3719 insedibus
831 3615 990 3689 Thoosae
1009 3609 1177 3710 Anfilmz'
1188 3608 1367 3708 Badeosts
1385 3607 1509 3682 mense
1526 3604 1750 3681 Decembris
1763 3603 1872 3677 M.D.
1885 3601 1990 3676 Xlll.
2095 3711 2103 3737 x
2229 3661 2234 3692 ·,

384 3739 495 3812 Cbar.
511 3736 571 3810 lat.
591 3735 666 3809 foll.
688 3734 764 3808 126.
784 3759 864 3806 non
879 3759 982 3808 num.
998 3732 1060 3806 lin.
1079 3737 1137 3821 42.
1163 3735 1196 3818 4.

578 3873 661 3950 Opus
674 3891 743 3970 'nou
762 3872 936 3946 reeenfiturn.

474 4043 846 4150 „rga-Grammion
864 4040 1037 4113 omnium
1050 4035 1240 4112 utilillima
1255 4051 1292 4110 et
1304 4031 1531 4117 brevissima‚
1557 4030 1721 4106 mirabili
1739 4029 1872 4103 ordine
1891 4052 1993 4101 com·
2098 4123 2101 4128 Ι
2129 4028 2132 4034 ’

390 4162 519 4265 polita
538 4161 661 4248 Adeo,
678 4176 722 4233 ut
749 4157 888 4256 fingula
913 4154 1074 4257 quilibet
1095 4153 1203 4227 facile
1228 4151 1450 4248 intelligere,
1474 4149 1583 4223 facile
1611 4147 1804 4232 invenire,
1836 4161 1875 4220 et
1891 4141 1994 4244 quod

388 4279 601 4353 maximum
618 4281 699 4360 est,
726 4275 835 4350 facile
868 4270 1055 4348 memoria
1080 4269 1246 4343 retinere
1272 4265 1394 4366 pollit.
1415 4266 1474 4338 Ac
1495 4264 1624 4352 citius,
1644 4289 1761 4365 quam
1787 4288 1823 4361 p.
1849 4284 1992 4334 annum

388 4395 603 4494 conjugare,
640 4393 839 4478 declinare,
867 4407 906 4465 et
931 4417 975 4464 ea
1000 4415 1075 4488 que
1102 4385 1149 4460 ad
1166 4382 1496 4460 ,constructionem
1524 4381 1690 4480 spectant
1717 4379 1825 4453 facile
1851 4374 1994 4451 ediscat.

388 4513 489 4587 Sunt
503 4510 647 4610 ubique
664 4509 874 4582 dictionum
901 4505 1102 4606 fignificata
1126 4501 1329 4578 vernacula
1351 4501 1479 4598 lingua
1500 4498 1634 4573 addita.
1661 4498 1842 4574 Preterea
1864 4509 1989 4568 trane·

389 4630 480 4704 latio
501 4625 663 4702 casuum*
677 4641 716 4699 et
734 4641 955 4724 temporum
972 4623 1011 4696 in
1027 4625 1190 4695 nostram
1211 4617 1387 4714 linguam.
1415 4614 1684 4716 Eorumdemq.
1708 4611 1886 4686 formatio
1903 4609 1990 4681 bre·

392 4748 449 4824 vie
473 4763 511 4819 et
536 4745 693 4842 elegans.
716 4739 1077 4842 Patronymicorum
1094 4753 1132 4810 et
1150 4737 1366 4808 Grecorum
1376 4729 1645 4804 declinationes
1670 4726 1847 4807 seorsum,
1859 4747 1992 4821 quem-

392 4861 600 4941 admodum
627 4860 736 4936 tetini
762 4857 834 4952 illis
860 4869 1032 4933 utuntur.
1059 4855 1120 4928 De
1149 4846 1424 4926 constructione
1466 4845 1599 4932 facilia,
1626 4841 1834 4940 breviaque
1859 4862 1991 4938 perce-
