4706 5868
362 619 413 714 94
745 631 985 705 carnosus
1011 589 1386 688 arnuoouarnrcus
1412 629 1564 688 unxvr.

369 853 373 868 ·
462 833 604 908 ψ.-
626 807 734 902 Quae
753 808 792 882 in
806 809 880 882 hoc
897 810 1093 886 volumine
1112 811 1375 885 continentur:
1395 805 1622 906 Btffunbnis
1638 803 1971 880 CardinalisNice·

367 925 428 1011 ni,
445 941 483 999 et
500 923 741 1000 Patriarchae
762 925 1167 1025 Constantinopolitani
1193 927 1232 999 in
1250 924 1564 998 calumniatorem
1582 923 1750 996 Platonis
1768 923 1855 997 libri
1876 949 1969 1022 qua-

367 1058 469 1128 tuor,
488 1067 584 1142 opus
601 1039 771 1136 varium,
793 1068 836 1116 ac
851 1041 988 1116 doctiss.
1006 1043 1045 1116 in
1063 1071 1142 1143 quo
1161 1040 1452 1144 praeclarislima
1466 1067 1665 1141 quaeque,
1680 1057 1719 1114 et
1734 1040 1966 1138 ‹fignalectu‚

367 1185 464 1259 quae
485 1158 677 1232 aPlolone
699 1158 835 1258 scripta
856 1158 941 1233 sunt
965 1160 1013 1234 ad
1031 1160 1206 1234 homines
1233 1177 1325 1233 tam·
1335 1158 1526 1244 moribus,
1551 1184 1667 1258 quam
1688 1155 1890 1256 disciplinis
1911 1155 1969 1228 in·

364 1275 579 1361 llruendos‚
596 1273 777 1360 breviter,
795 1278 972 1376 clareque
989 1333 998 1362 ‚
1019 1293 1057 1352 et
1071 1277 1221 1376 placido
1238 1277 1333 1375 llylo
1347 1291 1560 1349 narrantur.
1575 1315 1620 1330 -
1635 1253 1968 1347 Eiitsdcmcorrec·

367 1391 423 1466 tio
445 1391 633 1466 librorum
649 1391 818 1464 Platonis
836 1393 882 1465 de
900 1393 1045 1490 legibus
1066 1395 1221 1491 Georgio
1248 1373 1482 1491 Trapezunlzb
1504 1393 1735 1490 interprete,
1754 1389 1818 1464 ubi
1838 1389 1968 1488 paslim

366 1508 485 1583 verba
497 1533 632 1605 graeca
654 1509 766 1606 ipstus
786 1509 954 1584 Platonis
970 1511 1179 1584 recitantur
1201 1525 1240 1582 et
1254 1509 1470 1594 emendata,
1491 1525 1528 1583 et
1545 1534 1633 1580 cum
1650 1507 1725 1580 suis
1739 1505 1966 1594 accentibus,

367 1650 458 1698 nam
475 1625 514 1696 in
531 1624 637 1698 libris
656 1624 795 1696 Romae
814 1625 907 1698 olim
926 1619 1108 1724 impressis
1128 1625 1267 1699 desunt.
1293 1625 1444 1699 Deinde
1460 1654 1482 1698 a
1502 1625 1715 1722 Bessorum
1730 1625 1835 1724 saepe
1860 1649 1969 1722 argu·

372 1755 505 1814 mento
523 1741 744 1840 praemisso,
763 1741 802 1813 in
819 1741 977 1815 latinum
1002 1756 1213 1815 vertuntur.
1240 1743 1433 1816 Postremo
1467 1743 1700 1842 Trapezunth'
1724 1742 1872 1815 tralatio
1888 1739 1972 1812 sub·

378 1856 677 1956 ungitun'quod
695 1862 744 1930 est
760 1884 947 1957 perquam
966 1858 1058 1931 utile
1083 1857 1146 1955 iis,
1173 1859 1238 1956 qui
1262 1859 1404 1954 graecis
1432 1859 1551 1929 literis
1577 1857 1831 1940 instituuntur,
1858 1873 1972 1954 atque

372 1998 419 2046 ex
437 1973 580 2072 graecis
598 1972 727 2058 bonis,
752 1973 852 2046 bona
868 1973 984 2047 latina
1001 1973 1124 2046 facere
1142 1971 1286 2046 volunt.
1298 2015 1344 2030 --
1358 1975 1530 2046 Eosdem
1543 1971 1589 2046 de
1606 1989 1740 2046 natura
1761 1988 1797 2044 et
1812 1988 1891 2044 arte
1906 1971 1969 2043 ad-

369 2088 497 2162 versus
520 2089 684 2162 eundem
709 2090 980 2190 Trapezunttum
1005 2106 1185 2163 tractatus
1213 2086 1496 2192 admodumque
1524 2106 1673 2173 acutus.
1699 2115 1740 2161 ac
1767 2087 1968 2160 doctus.-

368 2205 541 2279 Erusdem
556 2205 905 2304 Metaphyllcorum
926 2203 1130 2302 Aristoteles
1144 2206 1267 2282 XIIII.
1286 2206 1474 2280 librorum
1492 2206 1712 2280 tralatio—
1737 2203 1979 2304 Theophrasti

373 2320 722 2421 Metaphystcorum
738 2321 802 2394 lib.
825 2349 853 2395 1.
870 2364 919 2404 -,-
943 2324 1061 2398 Index
1084 2349 1219 2398 eorum
1245 2323 1439 2410 omnium,
1468 2350 1564 2423 quae
1588 2322 1737 2421 singulis
1759 2321 1864 2395 libris
1881 2345 1970 2421 per-

369 2453 648 2512 tractantur.-
667 2437 772 2511 Haeo
790 2437 828 2511 in
846 2437 970 2514 fronte
987 2435 1217 2540 cum'inslgn.
1229 2441 1399 2541 Typogr.
1418 2441 1512 2513 Aldr‘
1524 2441 1568 2512 R.
1580 2480 1624 2499 -
1641 2423 1802 2538 Epistola
1822 2439 1915 2511 Aldi
1924 2437 1970 2510 ad

373 2555 572 2652 Memorem
587 2555 945 2662 avenionensem.-·-
965 2553 1454 2660 Tabula'contentorum-
1473 2555 1536 2631 sol.
1564 2585 1591 2630 1.
1611 2557 1836 2654 Bessorum
1854 2555 1893 2627 in
1912 2581 1971 2628 ca—

371 2669 640 2746 lumniatorem
656 2673 826 2744 Platonis
844 2671 939 2746 liber
959 2673 1117 2774 primus.
1129 2715 1176 2731 -
1191 2675 1253 2748 sol.
1285 2678 1362 2748 160.
1381 2676 1468 2749 libri
1490 2669 1583 2749 sexti
1608 2675 1707 2748 linis?
1721 2713 1768 2730 ·-
1787 2673 1970 2772 Sequitur

368 2787 596 2886 Bessan'om's
616 2805 685 2863 etc.
709 2789 1058 2890 Metaphyficorum
1088 2791 1291 2888 Aristoteles
1314 2793 1420 2866 XIV.
1448 2792 1636 2866 librorum
1666 2790 1862 2866 translatio
1883 2815 1971 2862 cum

369 2903 496 3002 insign.
516 2921 666 3005 typogr.
686 2905 748 2979 sol.
771 2907 828 2977 55.
846 2905 909 2978 lin.
930 2931 983 2978 12.
1007 2909 1163 2980 Wncths
1178 2909 1217 2981 in
1227 2909 1381 2982 aedibus
1399 2909 1538 2981 Aldiet
1549 2909 1719 2981 Andreae
1730 2909 1853 2980 Soceri
1866 2932 1971 2980 men·

367 3018 402 3096 Ie
420 3022 655 3124 Septembris
673 3024 726 3095 M.
736 3023 784 3095 I).
795 3021 902 3094 XVI.
922 3021 1024 3098 Char
1039 3023 1100 3097 lat.
1121 3023 1198 3098 soll.
1214 3025 1300 3122 sign.
1325 3027 1403 3097 160.
1419 3041 1457 3097 et
1469 3025 1525 3097 58.
1545 3025 1585 3096 in
1604 3041 1687 3130 toto
1700 3025 1781 3097 218.
1796 3025 1859 3097 lin.
1870 3027 1927 3097 55.
1946 3024 1969 3094 s.

556 3163 685 3217 Panaeti
700 3159 805 3215 Annnl.
826 3159 957 3234 Typogr.
977 3159 1011 3216 T.
1031 3157 1058 3217 8.
1077 3181 1106 3238 p.
1125 3163 1189 3236 434.
1208 3163 1247 3218 N.
1263 3173 1327 3238 794.
1350 3162 1474 3218 Clemens
1490 3161 1529 3216 L.
1548 3181 1572 3216 ο.
1591 3163 1627 3216 Τ.
1643 3163 1670 3218 3.
1687 3163 1796 3237 p.25r.
1814 3161 1905 3216 editio
1923 3181 1971 3215 ra.

651 3251 772 3307 riffnna.

371 3489 376 3496 .
461 3447 601 3518 272-
619 3419 908 3498 Memorobt'hbm
928 3424 1063 3498 aetatis
1085 3439 1124 3498 et
1142 3423 1317 3502 omnium
1344 3422 1515 3524 gentium
1539 3421 1710 3496 chronici
1735 3434 1968 3493 commenta-

346 3529 456 3628 'rii3a
471 3539 638 3614 Iohanne
655 3539 834 3612 Nouclero
849 3539 883 3612 J.
900 3540 948 3614 U.
972 3541 1021 3616 D.
1050 3541 1235 3641 Tubzngoe
1258 3539 1471 3642 praeposito
1485 3531 1528 3614 ‘et
1544 3537 1794 3644 universltatis
1812 3535 1968 3610 Cancel-

365 3654 460 3728 lario
486 3655 612 3754 digelli
632 3656 670 3728 in
691 3681 833 3730 annum
856 3656 985 3731 salutis
1005 3659 1057 3732 M.
1068 3661 1115 3734 D.
1134 3660 1279 3736 adiecta
1301 3683 1573 3758 germanorum
1599 3656 1713 3730 rebus
1741 3654 1892 3728 historia
1917 3651 1969 3725 de

365 3770 583 3848 suevorum
601 3787 689 3846 ortu
710 3772 885 3848 institutis
900 3801 942 3850 ac
959 3775 1123 3876 imperio
1135 3779 1342 3878 complevit
1350 3802 1448 3877 opus
1468 3775 1492 3850 s.
1503 3775 1679 3855 Nicolaus
1695 3768 1863 3867 Bafih'us
1876 3769 1967 3842 ffir-

362 3885 560 3986 saugiensts
579 3888 687 3962 annis
703 3889 801 3964 XIV.
818 3890 866 3966 ad
883 3891 936 3966 M.
958 3893 1162 3970 additis-
1181 3896 1320 3994 insigne
1347 3895 1525 3968 Nouclen'
1537 3909 1574 3966 et
1596 3890 1693 3966 iulia
1709 3915 1756 3963 ex
1780 3888 1971 3986 Tuht'ngoe

365 4005 513 4078 Sueoz'me
543 4004 650 4080 urbe.
677 4005 841 4080 Cautum
862 4009 1122 4084 Maximihoni
1144 4012 1384 4111 imperatoris
1412 4011 1564 4084 decreto
1580 4005 1786 4104 Privilegio
1809 4032 1857 4080 ne
1879 4005 1970 4108 quis

363 4119 463 4194 iutra
482 4119 708 4194 decennium
724 4123 894 4198 excudat.
910 4167 960 4182 -
975 4129 1080 4202 Haec
1100 4130 1139 4201 in
1157 4130 1337 4202 fronte-
1355 4127 1420 4200 sol.
1442 4125 1525 4200 eod.
1544 4125 1708 4223 Epistola
1733 4122 1970 4220 Erasmillo·

361 4235 540 4308 cerodami
553 4235 600 4308 ad
626 4235 869 4338 Theologum
894 4241 1102 4337 Anselmum
1120 4287 1170 4304 -
1195 4246 1298 4318 loon.
1328 4243 1530 4316 Reuchlini
1544 4239 1764 4317 Phorcensts
1783 4255 1967 4338 tanquam

362 4347 520 4425 editoris
532 4351 734 4449 praefacio.
748 4395 788 4434 ·.-
810 4356 984 4434 Index-
1002 4359 1077 4434 sol..
1094 4388 1123 4432 ι.
1145 4359 1339 4457 generatio
1357 4360 1539 4459 prima—
1559 4359 1621 4432 sol.
1647 4385 1724 4456 ¹9¹·
1743 4355 1805 4429 lin
1820 4353 1877 4452 39.
1887 4354 1968 4454 pri-

360 4465 416 4540 mi
431 4465 638 4542 voluminis
653 4469 801 4542 finis—
827 4471 1014 4573 Sequitur,
1033 4477 1080 4548 D.
1109 4477 1262 4548 Ioannis
1287 4475 1464 4550 Naacleri
1483 4473 1730 4572 Tubingent'n
1756 4469 1963 4571 Praepositi

360 4579 628 4656 chronicarum
644 4583 882 4660 historiarum
893 4587 1098 4664 seeundum
1108 4592 1289 4666 volumen
1300 4591 1471 4690 partibus
1483 4592 1694 4668 distinctum
1706 4589 1963 4685 duabus.quo

360 4697 435 4774 suis
456 4695 570 4772 etiam
587 4695 773 4774 indicibus
791 4703 987 4781 censentur
1006 4724 1074 4792 etc.
1085 4748 1134 4764 -
1151 4734 1243 4806 ergo
1264 4709 1345 4805 lege
1364 4751 1409 4764 -—
1433 4709 1537 4783 Haec
1552 4707 1593 4782 in
1607 4701 1788 4782 sroute-
1803 4701 1960 4776 soleod.

363 4815 481 4892 Nr'col.
507 4811 653 4914 Baselo·
675 4815 891 4898 exhortatio
910 4863 954 4884 -··
984 4823 1098 4899 index
1123 4824 1251 4924 operis
1269 4865 1313 4914 ·..·
1340 4823 1404 4900 sol.
1429 4849 1459 4898 ι.
1481 4829 1578 4926 opus
1599 4819 1859 4924 ipsum-sol.
1875 4817 1961 4912 317.
