4706 5868
744 621 983 682 cararocus
1008 613 1386 680 urnuocnarrucus
1411 621 1565 682 unxtv.
1913 608 1955 682 81

342 806 490 904 stotelz's
508 817 683 880 accurata
699 801 892 899 diligentia
909 816 946 874 et
961 798 1108 872 lummo
1131 798 1250 872 studio
1272 797 1433 874 Bafileae
1451 799 1553 898 typis
1572 800 1728 876 excusae
1739 804 1878 880 liniunt
1889 833 1960 908 per

353 927 486 1000 Joann.
513 922 649 995 Froben
685 919 731 993 de
759 916 1051 1014 Hammelbourg.
1080 917 1195 988 Anno
1223 915 1380 989 Domini
1406 917 1594 992 virtutum
1620 934 1658 992 et
1686 921 1774 996 fidei
1801 925 1958 1000 autoris.

358 1041 544 1116 Milellmo
565 1035 865 1140 quingenteltmo
881 1033 1029 1107 decimo
1047 1049 1205 1132 quarto,
1228 1033 1375 1108 decima
1400 1034 1533 1134 quinta
1552 1035 1692 1110 Martii.
1721 1038 1834 1114 Char.
1854 1043 1960 1140 goth.

356 1157 491 1258 glollae
507 1183 624 1256 marg.
646 1156 722 1229 foll.
739 1152 881 1254 partim
899 1152 983 1250 sign.
1001 1149 1143 1250 partim
1158 1177 1238 1224 non
1255 1151 1340 1251 sign.
1358 1151 1432 1272 dlii
1447 1151 1508 1226 lin.
1527 1153 1585 1228 68.
1611 1153 1637 1226 f.

548 1297 677 1352 Panaeti
689 1293 795 1348 Annal.
814 1294 946 1366 Typogr.
966 1293 1001 1346 T.
1010 1289 1036 1347 6.
1053 1311 1081 1365 p.
1095 1305 1155 1365 192.
1174 1291 1212 1345 N.
1225 1289 1285 1346 126.

455 1464 628 1538 235.236,
640 1503 690 1520 -
705 1463 809 1534 Haec
824 1473 992 1532 accurata
1008 1460 1205 1556 recogm'ttb
1224 1461 1328 1532 enirm
1349 1485 1490 1560 operum
1516 1459 1644 1539 clarill'.
1662 1463 1703 1539 P.
1721 1465 1874 1541 Nicolar'
1890 1472 1957 1542 Ca-

342 1579 417 1680 sae
444 1580 555 1655 Card.
585 1607 631 1654 ex
649 1577 806 1653 officina
823 1573 1029 1650 ascendana
1054 1593 1228 1650 recenter
1255 1577 1381 1652 emilia
1401 1581 1469 1666 est,
1498 1578 1604 1654 cuius
1630 1582 1881 1659 universalem
1905 1587 1961 1659 in·

353 1699 477 1773 dicem
494 1697 652 1798 sequens
668 1694 807 1796 pagina
823 1693 1062 1768 demonllrat.
1088 1694 1363 1769 venundantur
1382 1721 1471 1770 cum
1493 1699 1652 1774 caeteris
1671 1701 1750 1775 eius
1773 1704 1957 1804 operibus

330 1816 393 1889 ·in
408 1815 557 1889 aedz'bus
573 1811 804 1910 ascensrhnt's.
819 1851 863 1868 -
881 1811 987 1884 Haec
1011 1809 1051 1883 in
1068 1810 1195 1886 fronte
1216 1811 1336 1886 limbo
1362 1827 1401 1886 et
1413 1811 1543 1924 insign.
1571 1832 1722 1917 typogr.
1748 1819 1880 1895 ascens.
1899 1847 1962 1897 or·
2081 1897 2086 1908 ,
2157 1895 2175 1904 ,

322 1949 511 2034 ‚nata-
527 1931 591 2004 fot.
608 1931 691 2006 eod.
713 1929 749 2004 b.
773 1945 952 2004 contenta
974 1927 1180 2004 voluminis
1206 1929 1391 2029 primi-
1416 1931 1462 2004 de
1484 1931 1699 2031 ignorantia
1722 1935 1808 2009 libri
1826 1952 1962 2013 tres·-

352 2049 543 2149 Apologia
557 2047 690 2124 doctae
710 2045 957 2148 ignorantiae.
976 2085 1023 2100 -
1037 2043 1098 2118 De
1116 2047 1344 2146 conjecturis
1368 2047 1455 2121 duo.
1466 2091 1516 2107 -
1531 2049 1593 2125 De
1609 2051 1805 2129 filliatione
1825 2056 1896 2130 dei.
1913 2095 1963 2114 —

351 2167 412 2242 De
432 2167 577 2242 Genell.
592 2209 642 2224 -
662 2165 807 2242 ldiotae
829 2163 915 2240 libri
934 2178 1110 2264 quatuor.
1130 2203 1177 2220 —
1190 2163 1251 2237 De
1275 2163 1455 2240 divilione
1475 2165 1537 2242 dei
1557 2211 1603 2226 -
1621 2169 1682 2245 De
1702 2197 1796 2270 pace
1812 2172 1960 2248 fidei-

356 2284 608 2359 Cribrationis
630 2283 839 2358 Alchorani
863 2280 949 2356 libri
974 2297 1061 2354 tres.
1079 2327 1125 2342 -
1150 2281 1210 2354 De
1234 2281 1324 2355 ludo
1347 2281 1450 2380 globi
1473 2283 1560 2357 libri
1584 2285 1671 2360 duo,
1691 2329 1741 2348 ·-
1766 2289 1960 2389 Compen-

351 2403 525 2478 dium.-
541 2402 727 2501 Dialogus
753 2401 799 2476 de
818 2399 959 2500 pollell.
976 2439 1016 2456 -
1039 2398 1100 2472 De
1115 2397 1275 2495 beryllo.
1290 2437 1334 2454 -
1358 2396 1419 2470 De
1443 2398 1531 2473 dato
1556 2403 1676 2500 patris
1700 2404 1960 2480 luminum.-

349 2521 411 2595 De
429 2518 649 2622 quaerendo
667 2519 806 2594 Deum.
819 2557 869 2572 -
885 2515 946 2589 De
962 2514 1165 2589 venatione
1183 2512 1444 2614 sapientiae—
1457 2516 1519 2591 De
1538 2517 1645 2618 apice
1665 2521 1898 2598 theoriae-
1916 2530 1961 2600 ln

341 2638 504 2734 secundo
526 2635 735 2708 Volumine:
751 2633 812 2736 De
828 2632 915 2706 Deo
936 2630 1175 2716 abscondito,
1195 2631 1374 2732 dialogus.
1388 2675 1432 2691 ·—
1448 2634 1511 2708 De
1527 2637 1821 2716 annunciatione
1842 2643 1960 2718 dialo-

349 2779 428 2854 gus.
439 2795 488 2810 -
506 2752 568 2826 De
585 2749 821 2852 aequalitate.
834 2793 883 2808 —
902 2749 1229 2824 Exercitationum
1245 2748 1331 2823 libri
1349 2750 1491 2838 decem.
1509 2795 1560 2810 -
1575 2754 1804 2854 Coniectura
1823 2759 1869 2836 de
1889 2787 1959 2835 no-

299 2916 312 2978 ,
347 2871 501 2946 viffimis
522 2871 666 2945 diebus.
677 2913 725 2928 -
743 2868 901 2968 Septem
916 2867 1158 2968 Epillolae-
1175 2866 1305 2942 Prima
1316 2867 1363 2942 ad
1378 2867 1592 2944 Roderr‘cum
1608 2872 1654 2948 de
1663 2880 1844 2973 potestate
1854 2879 1963 2970 Rho-¹

349 3016 483 3064 manae
500 2987 671 3064 ecclellae
692 3029 735 3046 -
762 2985 938 3061 Secunda
962 2985 1007 3060 ad
1033 2985 1228 3060 Bohemos
1249 2985 1296 3059 de
1312 2984 1380 3060 usu
1403 2989 1742 3066 communionis-
1762 2995 1895 3072 Tertia
1911 3001 1957 3074 ad

349 3108 506 3181 eosdem
523 3106 568 3182 de
584 3103 653 3180 usu
672 3103 1012 3179 communionis-
1028 3103 1176 3199 Quarta
1193 3102 1239 3176 ad
1252 3103 1407 3178 eosdem
1424 3131 1610 3182 revocans
1625 3135 1691 3184 eos
1709 3111 1755 3185 ad
1772 3114 1957 3191 unionem

347 3224 519 3298 ecclellae
530 3265 575 3278 -
596 3222 741 3319 Quinta
760 3223 806 3298 ad
824 3221 980 3296 eosdem
1003 3219 1050 3294 de
1073 3220 1269 3295 eodem-
1286 3220 1403 3296 Sexta
1425 3221 1472 3295 ad
1492 3221 1743 3324 Presbyteros
1769 3245 1807 3302 et
1825 3229 1959 3306 Sacer-

347 3341 455 3416 dotes
476 3341 687 3414 Bodemiae.
701 3383 746 3398 -
764 3339 937 3440 Septima
953 3336 1000 3412 ad
1014 3338 1171 3411 Clerum
1190 3353 1229 3410 et
1252 3338 1439 3412 litteratos
1459 3335 1728 3415 Bohemrire.-
1748 3343 1954 3444 Reparatio

322 3499 325 3504 ·
346 3459 630 3534 Calendarii.-
653 3457 855 3531 Correctio
874 3455 1110 3528 Tabularum
1128 3451 1377 3552 Alpdonsrl-
1394 3454 1736 3532 Mathematica.—
1756 3459 1817 3535 De
1834 3479 1957 3539 trans·
1998 3469 2003 3480 '

255 3565 262 3578 ’
343 3575 619 3650 mutationibus
635 3573 945 3673 geometricis—
962 3570 1023 3645 De
1035 3570 1284 3645 arithmeticis
1303 3571 1662 3669 complementis-
1675 3575 1736 3650 De
1748 3579 1957 3656 mathema-

345 3692 431 3766 ticis
449 3691 750 3792 complementis.
766 3733 804 3748 -—
822 3689 1160 3788 complementum
1174 3685 1573 3784 theologicum-De
1592 3691 1860 3771 mathematica
1868 3725 1956 3798 per-

348 3808 524 3883 sectione.
553 3811 596 3882 ln
618 3813 724 3883 tertio
759 3809 965 3881 Volumnia:
979 3851 1024 3864 -
1044 3805 1105 3879 De
1128 3803 1313 3878 catholica
1334 3804 1605 3881 concordantia
1621 3803 1708 3882 libri
1727 3826 1815 3886 tres.
1827 3855 1877 3870 —
1893 3815 1954 3888 Fi-

348 3925 478 3998 nis.—
496 3925 643 3998 Tomus
658 3925 807 4024 primus
821 3921 904 3996 finit
920 3921 984 3994 sol.
1004 3947 1085 3994 221.
1106 3920 1140 3993 b.
1160 3919 1222 3993 lin.
1241 3921 1299 4008 45.
1320 3921 1408 3995 dein
1418 3919 1628 4022 lequuntur
1637 3928 1794 4001 erbadem
1806 3929 1852 4004 de
1865 3957 1955 4006 con-

356 4039 552 4116 cordantia
571 4041 757 4116 catholica
772 4038 857 4113 libri
876 4056 963 4112 tres.
981 4037 1043 4111 sol.
1060 4039 1117 4111 36.
1138 4037 1201 4120 lin.
1223 4037 1270 4110 32
1284 4037 1368 4114 finit
1385 4038 1569 4114 collectio.
1583 4081 1628 4101 -
1649 4043 1759 4119 Tom.
1772 4043 1955 4124 secundus

351 4157 436 4232 finit
454 4157 519 4231 sol.
546 4155 622 4232 188.
648 4157 711 4231 lin.
742 4157 799 4247 45.
830 4181 917 4230 cum
944 4154 1173 4231 indicatione
1200 4156 1287 4232 anni
1318 4157 1420 4244 1514.
1446 4159 1663 4256 conjectura
1683 4161 1729 4238 de
1747 4163 1955 4242 novillimis

354 4275 498 4350 diebus.
515 4274 578 4349 fol.
595 4274 652 4348 30.
672 4273 707 4348 b.
727 4274 790 4349 lin.
803 4282 861 4365 4¹·
888 4273 998 4348 Char.
1012 4275 1072 4348 lat.
1094 4300 1181 4348 cum
1192 4275 1299 4374 ligur.
1314 4273 1382 4348 litt.
1395 4273 1525 4350 initial.
1542 4274 1674 4368 incida,
1686 4281 1820 4382 glollae
1836 4309 1953 4386 marg.

333 4393 425 4468 -folt
447 4392 532 4492 fign.
553 4392 616 4466 lin.
633 4393 692 4482 46.
718 4390 742 4465 l.

535 4531 666 4588 Panaeti
682 4529 789 4592 huual.
807 4531 940 4608 Typogr.
957 4529 992 4586 Τ.
1002 4549 1031 4605 7.
1049 4529 1130 4605 μδ.
1149 4529 1187 4584 N.
1203 4540 1267 4606 704.
1284 4529 1387 4588 Merite.
1406 4531 1441 4587 Τ.
1451 4546 1479 4587 a.
1497 4551 1527 4608 p.
1542 4533 1608 4596 353.

1033 4697 1086 4772 M.
1112 4697 1160 4772 n.
1188 4675 1269 4772 x'v.

400 4817 697 4990 V2ls7jI-Luc1t‘
709 4769 864 4893 Annaei
875 4817 1031 4892 Senecae
1045 4815 1256 4894 lanctillimi
1275 4811 1494 4932 Philosophi
1513 4819 1796 4992 lucubpationes
1813 4852 1947 4905 omnes

428 4945 450 4990 θ
468 4973 475 4994 .
543 4975 552 4994 ι
