4706 5868
306 633 312 650 .
400 569 498 666 78,
638 599 686 610 ··
786 583 1027 647 caranoous
1052 543 1431 644 ntunocnarnmoa
1449 545 1605 642 nuxtv‘.

205 851 213 860 ἱ
276 699 287 730 s
401 751 639 862 Septembris
658 763 762 836 Anni
776 763 936 839 Domini
954 767 1006 838 Μ.
1016 765 1065 838 D.
1076 764 1319 840 xlvsehar.
1335 789 1431 838 rom.
1450 760 1579 862 grand.
1599 759 1676 836 foll
1693 755 1996 862 n-.llgn.11.lin.

401 906 460 977 27.
479 879 663 980 interject.
682 881 769 981 spat.
796 889 831 971 4.
892 965 896 972 ,

592 1017 697 1074 Editio
713 1019 856 1076 rarill'nna
871 1001 931 1077 non
946 1021 1089 1110 recenlita.

361 1241 365 1254 .
492 1187 949 1279 226.-Poem'tentianits
971 1190 1017 1262 de
1030 1186 1480 1286 Confellione-Jefiuiia
1495 1185 2005 1291 Hebronymz'clepallione-

398 1307 614 1378 Laclantius
643 1305 688 1377 de
715 1306 990 1380 resurrectione
1007 1301 1056 1366 -Ᾰ-
1080 1301 1184 1380 Haec
1214 1306 1252 1380 in
1283 1307 1410 1382 fronte
1436 1333 1524 1381 cum
1549 1293 1782 1381 carminibus
1808 1302 2008 1405 Christoph·

398 1419 561 1521 Schurps
578 1437 616 1494 et
637 1421 800 1519 Magistri
823 1423 947 1507 Pauli,
963 1420 1169 1519 Cnfimfis
1197 1423 1362 1496 Ruthem'
1381 1424 1420 1496 in
1447 1423 1573 1498 fronte
1606 1424 1724 1498 limbo
1752 1421 2002 1522 adornata.-

398 1537 463 1612 fol.
485 1536 677 1610 28.-lin.
701 1540 735 1611 8.
765 1539 982 1639 imprellum
1009 1539 1232 1612 Grachorz'ae
1258 1568 1328 1640 per
1350 1543 1559 1615 Florianum
1593 1542 1794 1640 Voglenitm
1818 1555 1857 1613 ot
1888 1535 2002 1634 Wolf-

396 1681 560 1753 gangum
578 1655 685 1728 Lem.
718 1643 833 1728 Anno
855 1655 1012 1729 Domini
1029 1657 1081 1728 M.
1093 1647 1256 1729 D.X1'V.
1275 1658 1372 1731 nihil
1386 1659 1460 1732 fine
1487 1657 1604 1757 causa.
1626 1658 1737 1730 Char.
1757 1657 1818 1730 lat.
1844 1654 2005 1754 splendi-

284 1786 287 1791 ’
400 1771 544 1846 dillima
572 1769 772 1863 Litt..init.
793 1771 935 1848 incisae.
967 1773 1045 1847 foll.
1073 1774 1136 1868 28.
1148 1799 1227 1848 non
1245 1775 1330 1875 fign.
1346 1777 1409 1850 lin.
1435 1779 1493 1852 26.
1510 1775 1605 1875 spat.
1622 1772 1837 1874 mterjectis.
1867 1770 2001 1872 glollae

401 1913 519 1989 marg.
535 1897 568 1980 4.
1066 1897 1067 1901 ’
1428 1981 1430 1990 Ι

594 2027 698 2084 Editio
715 2028 881 2100 Annalyttis
899 2031 1093 2104 ¹veritimiliter
1108 2033 1270 2108 incognita.
1314 2081 1317 2090 .

495 2223 578 2294 227.
590 2236 638 2252 -·
649 2196 910 2291 Institutionum
926 2199 1166 2298 zinpen'alritm
1178 2199 1433 2296 Argumentum
1445 2215 1574 2272 etc-
1589 2195 1728 2295 inligne
1745 2212 1898 2296 typogr.
1914 2219 2004 2269 cum

398 2312 644 2414 inscriptione
667 2314 841 2402 Francotk
856 2315 990 2388 Fradziz
1019 2331 1057 2389 et
1084 2314 1347 2390 admonitione
1372 2315 1592 2390 lectoria-a
1620 2317 1726 2388 Haec
1751 2314 1791 2386 in
1817 2312 2001 2386 fronte-

395 2413 461 2504 'fot
481 2427 567 2506 e'od.
584 2432 623 2504 b.
638 2431 797 2505 Ioannes
822 2418 1125 2533 Chapz'i'epistola
1143 2434 1190 2506 ad
1210 2432 1441 2507 Benholdum
1461 2431 1642 2506 Rembold
1658 2427 1943 2530 typographum
1955 2466 2003 2484 -

394 2548 460 2622 fol.
487 2550 569 2623 108..
584 2549 647 2622 lin.
671 2553 726 2646 75.
743 2537 992 2624 institutiones
1013 2535 1229 2649 imperiales
1247 2567 1375 2624 ete-
1387 2551 1504 2625 finem
1525 2565 1699 2648 optatum
1715 2561 1945 2646 acceperunt
1962 2545 2003 2616 in

395 2665 538 2766 inclyta
547 2665 1278 2776 urbeLugdum'operaFrancisciTradin
1289 2667 1519 2768 imprelloris
1528 2665 1662 2742 caduli.
1673 2667 1788 2738 Anno
1797 2661 2002 2736 Mnxtv.

399 2783 461 2857 die
480 2809 573 2860 vero
595 2784 653 2855 25.
675 2784 808 2856 menlis
825 2784 1093 2860 Februarii-
1106 2784 1318 2883 Regillrum
1335 2784 1505 2886 sequitur
1519 2784 1582 2857 fol:
1609 2811 1638 2856 1.
1657 2781 1759 2856 casus
1774 2780 1878 2877 longi
1889 2778 2000 2878 luper

396 2898 630 2973 institutis-
646 2897 710 2973 fol.
733 2900 791 2972 32.
811 2899 1010 2975 nonnum.
1030 2903 1094 2976 lin.
1114 2903 1172 2991 45.
1190 2903 1291 2976 casus
1307 2901 1411 3001 longi
1431 2902 1540 3002 super
1551 2899 1724 2974 institutis
1737 2897 1783 2972 de
1797 2922 1900 2970 novo
1917 2921 2001 2970 cor·

394 3015 491 3089 recti
509 3030 548 3089 et
568 3015 757 3089 emendati
770 3016 944 3115 pluribus
958 3019 996 3091 in
1012 3019 1106 3093 locis
1123 3018 1261 3094 finiunt
1278 3019 1448 3102 feliciter.
1471 3012 1638 3115 lmpressi
1655 3015 1829 3113 Lugduni
1839 3039 1908 3112 per
1918 3011 2000 3085 Ma-

394 3132 549 3232 gillrum
567 3131 734 3205 Iacobum
751 3133 931 3220 Marchal„
960 3135 1077 3211 Anno
1091 3136 1251 3210 Domini
1276 3137 1329 3209 M.
1342 3132 1640 3231 eeccextv.
1663 3131 1723 3203 die
1744 3131 1796 3202 18.
1816 3128 2001 3202 Januarii.

396 3249 508 3325 Char.
527 3248 620 3348 goth
637 3275 725 3322 cum
743 3249 854 3350 figur.
871 3251 988 3352 epigr.
1013 3253 1251 3348 rubriaLitt.
1271 3253 1351 3327 init.
1371 3249 1470 3333 incil.
1488 3249 1566 3322 foll.
1583 3249 1623 3320 in
1648 3262 1731 3321 toto
1756 3271 1834 3356 ι22.
1852 3243 1915 3319 lin.
1939 3245 2001 3318 81.

326 3443 330 3460 ,
398 3367 463 3443 fol.
480 3392 557 3466 reg.
1154 3367 1157 3375 ’
1576 3466 1583 3478 s
1606 3373 1610 3380 ’

586 3505 715 3562 Pauori
730 3506 837 3563 Annal.
848 3509 980 3584 Typogr.
1001 3511 1036 3565 T.
1047 3533 1073 3585 7.
1090 3529 1120 3586 p.
1135 3509 1199 3568 306.
1217 3512 1255 3566 N.
1267 3510 1330 3582 245.
1348 3509 1450 3564 Melet.
1461 3505 1522 3561 ind.
1541 3509 1566 3559 Ι.
1577 3504 1681 3581 9529.
1764 3475 1768 3482 ⁴

491 3672 575 3747 228.
594 3713 640 3731 -
662 3673 851 3749 Athenaei
869 3676 1233 3780 deipncffophistarum
1264 3674 1349 3748 libri
1377 3676 1466 3749 XV.
1492 3689 1562 3748 etc.
1585 3675 1802 3746 Graece.·—
1826 3667 1930 3742 Haec
1953 3669 1996 3740 in

385 3789 521 3864 ‚fronte
538 3815 628 3864 cum
647 3789 772 3890 infign.
790 3808 942 3892 typogr.
962 3793 1056 3868 Aldi
1071 3796 1123 3868 M.
1134 3795 1236 3869 R.-
1255 3793 1318 3869 fot.
1336 3793 1418 3870 eod.
1438 3793 1473 3867 b.
1494 3790 1589 3864 Aldi
1603 3788 1765 3864 Munatii
1776 3785 1937 3886 Epistola
1947 3783 1997 3859 ad

391 3906 525 3984 Joeum
562 3905 780 4008 tsynhefium
805 3909 1069 3986 Pannonicum
1084 3953 1134 3968 -
1160 3937 1197 4012 p.
1219 3919 1302 4009 294.
1325 3899 1388 3985 lin.
1416 3936 1474 3983 2ο.
1502 3909 1657 3981 Venethi
1676 3903 1777 4006 apud
1803 3895 1936 3976 Aldum
1957 3917 1996 3976 et

391 4023 572 4096 Andriam
591 4026 755 4102 Socerum
769 4026 895 4101 mense
913 4027 1081 4127 Augusto
1103 4029 1155 4102 M.
1167 4029 1217 4101 D.
1227 4030 1326 4102 XlV.
1345 4029 1408 4102 fol.
1427 4027 1493 4102 ult.
1507 4028 1588 4125 295.
1607 4017 1746 4122 insigne
1761 4013 1912 4122 ty'pogr.
1926 4020 1994 4091 At-

391 4139 434 4210 di
445 4139 557 4216 Char.
581 4165 701 4239 graec.
720 4142 807 4246 Aldi
824 4171 861 4243 p.
878 4143 963 4242 sign.
981 4137 1063 4243 294.
1084 4145 1125 4218 in
1143 4161 1227 4219 toto
1244 4173 1325 4244 291.
1347 4145 1409 4220 lin.
1430 4145 1487 4217 532
1505 4137 1562 4228 f.,'
1671 4212 1675 4223 ,

583 4277 714 4336 Ponzeri
731 4281 837 4337 Annal.
856 4284 988 4358 Typogr.
1009 4285 1044 4337 T.
1065 4279 1094 4338 8.
1110 4305 1139 4358 p.
1151 4295 1215 4357 421.
1235 4285 1273 4339 N.
1283 4281 1346 4359 689
1361 4283 1463 4340 Malle.
1483 4283 1603 4338 Tama.
1618 4299 1648 4355 p·
1667 4278 1730 4354 259.
1747 4278 1827 4334 Serio
1844 4275 1911 4331 dell'
1931 4273 1992 4330 edi·

680 4371 761 4427 aioni
777 4373 893 4454 Aldine.
902 4395 931 4450 p.
948 4378 993 4451 37.
1013 4376 1051 4432 N.
1066 4375 1093 4431 6.
1110 4375 1199 4432 editio
1216 4375 1251 4431 ab
1268 4373 1566 4434 omnibusannaltstis
1582 4391 1636 4448 pro
1646 4371 1779 4447 principe
1794 4369 1954 4442 recognita.

486 4561 632 4636 229-
648 4539 772 4611 Marci
794 4543 934 4614 Valerii
946 4513 1133 4617 Martum
1152 4544 1434 4644 Epigrammata
1460 4519 1546 4614 libri
1566 4541 1672 4614 XlV.
1693 4565 1770 4612 una
1786 4548 1874 4610 cum
1890 4557 1993 4607 com-

389 4654 585 4728 mentariis
604 4655 748 4726 domini
763 4655 1023 4735 Chalderr'niet
1042 4664 1378 4761 Georgiz'Merulae‚
1398 4675 1436 4732 et
1451 4683 1539 4730 cum
1548 4657 1678 4755 figuris
1688 4655 1760 4728 suis
1774 4651 1866 4726 locis
1874 4647 2007 4746 appo-'

390 4769 485 4847 fitis:
513 4795 684 4848 necnon
705 4773 935 4853 ornatillima
960 4779 1087 4856 tabula
1104 4807 1174 4879 per
1200 4779 1459 4879 Alphabetum
1482 4801 1606 4876 nuper
1637 4771 1775 4850 addita.
1792 4783 1994 4866 nunquam
