4636 5878
706 619 947 682 ctruoous
973 617 1348 704 otouoontrrucus
1373 609 1555 682 uotum.
1876 635 1943 684 ιιι

184 777 188 786 ’
238 829 242 848 ·
355 801 551 898 l'zennensi
560 799 731 900 primarii
747 799 965 902 profelloris
984 815 1023 874 et
1040 798 1258 899 interpretis
1283 797 1482 874 fidelissimi
1510 814 1548 874 ct
1573 795 1734 876 ornatisl.
1760 800 1944 878 [cernuae

348 920 487 996 nobilis
503 945 544 993 ac
562 917 760 1017 magnifici·
775 918 849 993 viri
866 918 915 991 D.
936 917 1073 990 Franci
1085 919 1123 990 ci
1138 917 1303 991 Emerlci
1318 915 1455 992 summi
1474 933 1513 991 et
1540 916 1735 992 felicillimi
1760 918 1945 994 ordinarii

347 1037 478 1137 phitici
502 1035 712 1133 lfz'eanensr's
728 1049 766 1110 et
784 1033 874 1110 cael.
896 1033 1094 1108 confiliarii
1110 1034 1236 1134 neptis
1254 1049 1368 1135 atque
1385 1033 1522 1134 optimi
1539 1052 1577 1109 et
1600 1033 1775 1109 eruditils.
1795 1036 1867 1110 viri
1894 1037 1946 1110 D.
2023 1109 2026 1118 ,

348 1154 460 1226 Eliae
491 1152 657 1224 tham'
678 1151 897 1253 philosophi
922 1150 1133 1226 etmedici'
1152 1151 1299 1226 viduae.
1327 1152 1487 1226 Viennae
1514 1151 1682 1248 Austnae
1707 1151 1807 1252 apud
1833 1147 1946 1228 Miclt.

346 1271 617 1343 Zlmmemrana
633 1295 732 1345 anno
748 1267 996 1343 M.D.LXlIl.
1019 1270 1106 1341 vlt.
1123 1269 1220 1368 Aug.
1242 1311 1289 1326 -
1306 1268 1412 1343 Haec
1429 1268 1469 1340 in
1488 1269 1615 1344 fronte
1630 1311 1681 1328 -
1698 1269 1761 1342 fot.
1780 1298 1808 1342 1.
1825 1270 1860 1343 b.
1877 1296 1949 1343 no-

348 1389 451 1462 mina
468 1403 648 1462 autorum
667 1386 891 1462 indicantur.
909 1386 1007 1460 Paul
1011 1385 1207 1460 Fabn'cius.
1234 1383 1397 1458 Joaaaas
1417 1386 1654 1460 Secaetriaias.
1681 1385 1819 1460 Paulus
1840 1387 1949 1461 Sche-

346 1507 438 1581 dius.
460 1504 634 1577 Andreas
648 1504 841 1604 Charopus.
869 1503 1020 1576 Gabn'el
1030 1504 1181 1576 Iodocus
1195 1499 1401 1596 Athesa'nus.
1419 1543 1470 1564 --
1488 1501 1552 1575 fol.
1572 1529 1605 1575 2.
1627 1501 1949 1601 epithalamion*-

346 1621 396 1696 ad
412 1623 529 1698 finem
544 1621 622 1695 foll.
641 1631 699 1694 2'o.
716 1619 845 1695 Pridie
861 1620 1121 1695 Kalendarum
1140 1617 1377 1717 Septembris
1394 1617 1641 1692 M.D.LXlll.
1660 1625 1694 1708 4.

535 1761 648 1836 Scripta
667 1757 780 1814 diversa
795 1759 886 1814 Pauli
898 1759 1029 1815 Fabricii
1043 1757 1224 1813 recensentur
1240 1758 1273 1812 iu
1290 1755 1432 1833 leopoldi
1444 1756 1566 1814 Grulerl
1582 1757 1735 1832 specimine
1749 1756 1947 1845 bibliothecae

631 1853 798 1927 germaniae
816 1848 989 1907 Austriecae.
1009 1853 1038 1908 P.
1048 1867 1076 1906 2.
1096 1871 1126 1925 p.
1136 1849 1200 1906 660.
1218 1859 1281 1924 974.

996 2019 1049 2092 M.
1076 2019 1124 2091 D.
1151 2015 1293 2089 LX1V.

437 2159 485 2234 68
493 2185 521 2232 ι.
549 2195 594 2216 -
627 2157 750 2230 Votum
768 2154 906 2230 divinis
923 2154 1165 2241 numinibus,
1185 2153 1374 2254 mulisque
1394 2170 1432 2230 et
1453 2153 1598 2253 apolini
1615 2155 1777 2232 sacrum:
1807 2159 1846 2230 in
1865 2183 1944 2258 quo
2004 2251 2007 2258 Ι

341 2275 498 2377 querela
516 2272 752 2360 continetur,
773 2272 899 2373 quod,
922 2272 989 2372 qui
1005 2271 1130 2347 tenius
1147 2270 1322 2346 fortunae
1339 2270 1539 2371 iniquitate
1554 2273 1762 2372 premitur,
1792 2263 1944 2373 plenain

341 2407 381 2466 et
398 2390 641 2467 desideratam
661 2415 820 2490 operam
835 2387 1095 2484 honestiliimir
1115 2387 1255 2462 artium
1271 2387 1397 2462 studiis
1417 2387 1506 2463 dare
1520 2415 1599 2462 non
1615 2387 1726 2490 poffit
1742 2389 1789 2464 ad
1800 2390 1945 2489 magni-

339 2507 456 2582 ficum
474 2523 588 2607 atque
607 2505 847 2586 olarissimum
863 2507 992 2580 virum
1005 2505 1214 2591 nobilitate,
1231 2503 1412 2604 sapientia
1427 2519 1465 2580 et
1479 2505 1658 2604 dignitate
1678 2504 1947 2605 amplillimum

339 2625 388 2697 D.
407 2623 553 2696 Ichana
578 2624 783 2698 Udalrlcum
790 2624 939 2721 Zaszitm
953 2624 991 2698 S.
1004 2624 1049 2696 tt.
1066 2620 1155 2697 cael.
1174 2622 1311 2720 Majest.
1328 2620 1675 2698 Procancellarium
1693 2638 1763 2714 etc.
1779 2623 1947 2724 optimo-

339 2765 428 2816 rum
444 2739 653 2836 studiorum
673 2739 863 2816 fantorem
880 2740 1066 2815 eximium
1083 2739 1214 2830 Iacobo
1234 2741 1344 2812 Saevo
1366 2739 1626 2838 Sveigernensl
1651 2739 1812 2815 authore
1840 2741 1946 2814 Wan-

338 2883 411 2930 nae
428 2856 596 2954 Austnae
613 2883 659 2932 ex
676 2855 832 2944 officina
848 2885 870 2932 a
884 2857 1068 2932 lldz'chaele
1088 2858 1358 2930 Zz'mmamrann
1378 2857 1492 2929 Anno
1514 2855 1818 2930 M.D.LXlll.-
1834 2859 1939 2934 Haec

338 2972 521 3050 infronte
532 3015 577 3034 ·-
590 2973 653 3048 iol.
668 3001 696 3047 1.
708 2973 742 3046 b.
760 2972 984 3071 Cathjerofie
995 2973 1042 3049 ad
1059 2972 1211 3074 amplili.
1221 2973 1348 3048 virum
1357 2973 1405 3045 D.
1414 2971 1494 3046 lot.
1509 2972 1713 3066 Udalricurn
1725 2975 1941 3072 Zostera.-

279 3164 280 3169 ,
341 3089 405 3165 fol.
419 3115 453 3166 a.
470 3088 640 3192 sequitur
653 3105 799 3177 votum,
818 3089 903 3164 finit
919 3090 983 3166 fot.
996 3117 1028 3188 7.
1039 3090 1074 3166 b'.
1087 3090 1198 3166 Char.
1210 3088 1340 3190 grand.
1355 3088 1433 3163 foll.
1447 3117 1478 3186 7.
1495 3115 1574 3164 non
1591 3089 1737 3188 fignata.
1757 3090 1821 3166 lin.
1833 3117 1890 3166 20.
1903 3099 1937 3182 4.

529 3227 699 3285 Hucuedum
716 3227 823 3304 absque
838 3227 960 3286 indicio.

1003 3392 1270 3470 M.D.LXVI.

434 3533 518 3607 682.
546 3573 593 3590 -
619 3531 691 3606 Pia
709 3533 870 3633 precatio
900 3530 947 3606 ad
970 3531 1084 3605 deum
1110 3531 1208 3606 facta
1236 3558 1258 3604 a
1294 3527 1504 3634 Tranquillo
1529 3529 1737 3606 Andronico
1762 3531 1939 3607 Dalmata

339 3675 441 3726 nunc
457 3674 551 3726 vero
569 3674 641 3750 per
655 3649 763 3750 pium
782 3648 974 3749 quendam
991 3649 1119 3724 virum
1137 3647 1176 3721 in
1195 3647 1321 3725 lucem
1337 3649 1454 3736 edita,
1484 3648 1654 3750 quotidie
1676 3677 1699 3724 a
1720 3649 1794 3748 piis
1812 3650 1939 3726 dicen·

340 3768 405 3854 da,
425 3767 486 3842 cui
503 3764 649 3841 accessit
667 3782 803 3841 votum
819 3791 893 3865 pro
911 3790 1003 3864 pace
1018 3783 1063 3841 ut
1084 3763 1307 3866 imperatori
1323 3769 1449 3840 nostro
1471 3763 1710 3840 sacratillimo
1728 3767 1939 3868 Maecemy-

338 3884 442 3956 lano
461 3881 621 3956 victoria
643 3908 689 3956 cx
706 3882 824 3956 turcio
839 3881 1001 3956 feliciter
1015 3882 1063 3956 ad
1079 3882 1240 3982 gloriam
1258 3881 1319 3956 dei
1343 3883 1492 3970 redeat,
1520 3898 1653 3958 autore
1670 3883 1819 3956 Andrea
1842 3885 1939 3973 Clza·

336 4022 423 4098 rapo
447 3999 581 4074 austrio
596 4023 695 4072 anno
714 3997 962 4074 M.D.LXVL
993 3999 1084 4074 XX.
1104 4001 1178 4075 Jut.
1202 4001 1362 4074 Ve‘enme
1380 3999 1548 4097 Austn‘ae
1561 3999 1773 4074 excudebat
1808 3998 1944 4101 Caspar

342 4113 561 4214 Starnhcfir.
573 4157 620 4182 -,-
642 4117 749 4190 Haec
770 4115 810 4189 in
825 4117 961 4191 fronte.
981 4159 1029 4174 -
1053 4117 1117 4192 fol.
1130 4144 1172 4222 2.
1192 4117 1368 4192 Precatio
1383 4161 1429 4177 -
1450 4118 1629 4194 adfinem
1653 4117 1717 4193 sol.
1734 4124 1767 4210 4.
1797 4119 1938 4222 Aquila

341 4234 518 4330 caesarea.
533 4234 645 4318 Char.
663 4234 791 4334 grand.
806 4235 883 4310 foll.
900 4242 935 4324 4.
953 4261 1032 4311 non
1053 4235 1139 4335 fign.
1162 4234 1226 4310 lin.
1248 4262 1302 4336 19.
1324 4242 1359 4326 4.

531 4373 682 4448 Nusquam
696 4373 839 4430 receufitn.

989 4507 1043 4582 M.
1053 4507 1291 4581 D.va111.

433 4643 518 4719 683.
543 4683 593 4704 -
616 4645 708 4718 Dia·
719 4645 944 4719 lierdz'aandi
952 4670 1201 4720 romanorum
1219 4644 1686 4744 imperatorieHanganae
1702 4645 1802 4745 regie
1816 4644 1943 4720 mani-³

336 4761 410 4839 buo
428 4761 574 4840 lacrum
587 4762 812 4840 ..Paeone
832 4765 963 4866 lugens
979 4781 1111 4842 autore
1127 4765 1282 4864 Georgia
1290 4761 1525 4840 Partactero
1541 4762 1748 4874 pisonienfi.
1771 4765 1931 4841 l'c'e’anae
