4706 5868
748 677 1400 784 caracoonspracrooamnrcus.
1427 677 1533 740 cmx.
1895 665 1943 740 53

440 861 518 934 152.
537 897 586 916 -
620 858 791 958 Caleptizi
809 858 936 930 fratris
960 855 1150 929 Ambrosii
1173 849 1410 954 bergomatis
1445 853 1699 956 professionis'
1713 860 1945 938 cremitanac

336 978 590 1051 dt'cttbnanitm
608 991 675 1048 etc.
695 975 800 1048 Haec
820 973 861 1046 in
879 973 1005 1047 fronte
1021 972 1139 1046 limbo
1156 972 1280 1046 inclus.
1299 973 1362 1046 fol.
1382 973 1518 1048 eodem
1536 974 1706 1072 Calepziti
1717 975 1879 1074 Epillola
1895 979 1943 1053 ad
2042 991 2044 998 '

279 1180 282 1184 ,
338 1094 508 1168 senatum
526 1090 948 1190 Bergomensem-sol.
965 1091 1048 1188 373.
1069 1091 1132 1163 lin.
1152 1096 1206 1178 ¹4·
1222 1089 1306 1162 finit
1319 1089 1394 1162 hoc
1409 1089 1604 1189 egregium
1622 1088 1762 1164 etsane
1774 1085 1944 1191 'perutile

339 1236 436 1309 opua
455 1224 494 1282 et
516 1207 672 1283 subinde
692 1225 845 1282 acutum
865 1234 908 1282 ac
929 1207 1057 1280 multis
1075 1206 1167 1280 locic
1193 1205 1461 1292 emendatum,
1494 1232 1613 1306 opera
1639 1221 1678 1279 et
1703 1208 1943 1284 accuratione
1997 1267 2000 1282 .

339 1323 546 1399 ascensiana
566 1325 606 1399 in
624 1325 831 1404 Academia
847 1322 1037 1399 Parisiensl
1048 1325 1163 1397 Anno
1180 1321 1307 1398 salutis
1325 1326 1470 1396 nostrae
1497 1323 1550 1396 M.
1566 1323 1614 1396 D.
1632 1322 1682 1396 X.
1706 1311 1939 1424 Regillrum',

343 1440 483 1542 insigne
501 1440 732 1542 typographi
749 1440 932 1515 navicula.
953 1441 1064 1514 Char.
1085 1441 1188 1539 goth.
1212 1439 1364 1514 minusc.
1382 1439 1450 1514 soll
1477 1439 1561 1536 373.
1578 1439 1641 1512 lin.
1653 1441 1712 1539 69.
1729 1439 1752 1514 f.

532 1572 660 1636 Panzin'
673 1579 779 1635 Annal.
799 1580 930 1654 Typogr.
951 1579 1022 1660 T.7.
1039 1598 1067 1654 p.
1077 1579 1142 1654 549.
1160 1579 1199 1634 N.
1207 1588 1273 1651 4²⁰·
1428 1559 1431 1566 ¹

439 1747 517 1820 153.
533 1749 656 1820 -De
672 1743 946 1839 confirmatione
963 1746 1184 1844 christianae
1198 1743 1307 1838 fidei.
1328 1785 1372 1804 -
1389 1745 1549 1821 Haecin
1567 1747 1693 1820 fronte
1712 1771 1801 1820 cum
1819 1747 1851 1820 5.
1872 1747 1946 1822 Ta·

336 1863 436 1938 bulis
457 1864 582 1939 forma
596 1865 771 1942 rotunda
790 1909 837 1925 -
865 1866 928 1938 sol.
945 1865 1028 1938 eod.
1049 1866 1084 1939 b.
1102 1865 1265 1964 Epistola
1281 1863 1413 1940 Heliae
1426 1864 1604 1963 Capreoli
1622 1863 1668 1938 ad
1684 1863 1946 1939 Bernard.Fa·

335 1980 444 2055 bium
458 1980 689 2082 Episcopum
707 1982 946 2058 Pharensem.
965 2023 1011 2040 -
1029 1982 1093 2056 sol.
1112 1983 1145 2056 6.
1167 1983 1230 2056 lin.
1255 1981 1306 2054 13.
1327 1980 1423 2055 finis.
1442 1979 1660 2080 impressum
1679 1981 1945 2079 Nurcmhergae

335 2125 406 2198 per
423 2099 919 2194 venerabilemJDominum
938 2101 1139 2175 Iohannem
1164 2101 1218 2174 W.
1242 2099 1356 2173 Anno
1381 2097 1507 2174 salutis
1528 2102 1673 2173 nostrae
1703 2101 1803 2173 1510.
1832 2099 1944 2174 Char.

330 2215 439 2312 goth.
462 2215 539 2290 soll.
558 2218 592 2289 6.
610 2243 689 2290 non
708 2217 795 2312 sign.
815 2217 877 2288 lin.
891 2218 948 2288 36.
970 2215 1070 2312 gloss.
1087 2243 1204 2314 marg.
1220 2221 1254 2303 4.

531 2354 661 2408 Pamn‘
679 2351 785 2407 mal.
806 2352 937 2426 Typogr.
959 2353 1044 2407 Tom.
1055 2371 1082 2424 7.
1099 2371 1129 2426 p
1139 2346 1202 2424 448
1223 2351 1262 2408 N.
1273 2349 1318 2406 65.
1337 2351 1455 2408 Johonn
1471 2351 1697 2426 Weiscnhurgcr.

438 2541 517 2628 154.
533 2583 581 2600 -
596 2539 702 2612 hiller
719 2565 811 2612 maa.
831 2578 878 2594 -
893 2540 999 2612 Haec
1018 2537 1058 2612 in
1079 2538 1215 2613 fronte.
1233 2535 1352 2610 limbo
1370 2537 1547 2610 decorata
1567 2535 1665 2610 infra
1681 2535 1810 2610 sustine
1829 2537 1869 2611 in
1880 2565 1944 2614 va·

336 2655 388 2728 do
403 2695 453 2714 ·-
472 2655 537 2729 sol.
558 2682 591 2727 2.
610 2656 747 2728 Sermo
763 2681 807 2728 ac
827 2655 1049 2734 tractatulus
1064 2681 1135 2753 per
1167 2653 1419 2727 Theodoricum
1441 2653 1583 2730 Balach
1609 2679 1656 2726 ex
1687 2651 1843 2726 Caburch
1866 2656 1946 2730 ble-

338 2771 481 2845 banum
499 2769 539 2844 in
553 2770 763 2848 Milhausen
781 2772 896 2845 Anno
914 2771 1073 2845 Domini
1097 2774 1198 2844 1510.
1218 2770 1358 2856 editus,
1380 2769 1503 2869 quire
1521 2786 1559 2845 et
1575 2770 1731 2848 nomine
1750 2769 1842 2846 litlcs
1860 2798 1946 2847 mea
1966 2787 1969 2794 “

338 2904 507 2990 vocetur.
526 2931 572 2946 -
590 2887 674 2963 finit
691 2888 716 2962 s.
734 2891 768 2963 6.
788 2889 823 2964 b.
846 2889 976 2966 lina1.
994 2929 1040 2948 -
1055 2889 1140 2962 linis
1158 2927 1203 2948 -
1222 2887 1299 2962 foll.
1317 2887 1350 2962 6.
1367 2915 1446 2962 non
1468 2888 1552 2986 sign.
1572 2887 1634 2963 lin.
1657 2889 1715 2964 31.
1738 2894 1770 2978 4.
1797 2915 1846 2962 ea
1869 2892 1943 2964 col-

336 3005 491 3082 lectione
507 3005 747 3082 Herbt'ztana.
860 3069 864 3078 .

530 3185 714 3242 Tractaticius
732 3185 781 3244 hic
806 3187 896 3245 latina
919 3187 1038 3264 scriptus
1059 3187 1241 3262 veribusque
1267 3187 1441 3263 germanicia
1465 3187 1605 3262 expolitur
1628 3187 1768 3262 nusquam
1795 3186 1940 3246 indicatus

624 3277 691 3337 suit.
708 3281 817 3338 Modus
834 3281 1004 3338 traducendi
1018 3281 1077 3338 sera
1093 3282 1244 3358 singularia
1260 3278 1317 3347 ast,
1333 3295 1367 3336 ut
1382 3299 1418 3336 ex
1434 3279 1562 3354 sequenti
1577 3278 1692 3368 stropha
1708 3277 1809 3334 elucet.
1873 3307 1896 3322 --

722 3463 942 3575 quicunque
959 3471 1044 3548 vult
1061 3472 1191 3546 vivere
1207 3470 1429 3576 eternaliter

792 3588 894 3664 Dem
911 3591 949 3662 ill
964 3614 1036 3660 vor
1049 3588 1147 3662 allen
1164 3588 1318 3686 Dirigeti
1332 3603 1411 3660 not.

724 3719 769 3777 ut
786 3705 914 3779 credat
928 3704 1094 3779 sanctam
1111 3704 1321 3776 trinitatem
1337 3697 1579 3777 infallibilem.

795 3821 892 3894 Dasz
909 3847 950 3893 er
967 3819 1079 3918 glaub
1099 3846 1146 3895 an
1162 3818 1274 3892 einen
1291 3819 1396 3894 Gott.

531 3953 711 4030 opuseulum
727 3954 856 4029 prolecto
875 3953 1056 4011 rariffimum.

404 4201 407 4206 ,
440 4119 518 4210 ι54.
537 4147 572 4194 a.
589 4159 638 4176 -
664 4123 835 4222 Eutropii
849 4123 980 4199 decem
1002 4123 1091 4199 libri
1114 4123 1354 4199 historiarum
1378 4123 1430 4200 ita
1456 4121 1613 4199 candide
1646 4119 1865 4225 praescripti
1900 4113 1944 4200 ut'

338 4235 501 4338 quisque
521 4236 736 4315 rudimenta
754 4241 927 4316 historiae
942 4243 1136 4318 Romanae
1157 4241 1318 4323 nancisci
1340 4244 1492 4328 volens,
1518 4257 1631 4341 atque
1648 4234 1788 4346 ¹scriem
1805 4234 1944 4326 multa-

342 4377 429 4424 rum
447 4357 631 4450 gestarum
648 4359 778 4430 rerum
797 4357 898 4457 apud
915 4373 1061 4433 exteras
1079 4375 1210 4458 gentes
1228 4358 1452 4458 cognoscere
1474 4357 1581 4433 brevi
1598 4383 1645 4432 ex
1664 4357 1860 4433 volumine
1877 4385 1942 4434 cu·
1986 4443 1995 4460 ‚

339 4467 465 4566 piens,
493 4469 532 4542 id
550 4497 596 4544 ex
614 4499 731 4571 opere
749 4473 863 4548 huius
880 4475 1022 4549 autoris
1045 4476 1079 4550 se
1097 4475 1389 4552 consecuturum
1411 4468 1567 4550 studiosa
1592 4475 1754 4550 lectione
1776 4501 1943 4576 perpen-

339 4587 479 4658 det-
492 4587 654 4661 Haecin
674 4589 820 4678 fronte,
845 4618 933 4665 cum
950 4593 1065 4668 armis
1086 4607 1123 4667 et
1147 4591 1349 4692 insignibus
1376 4593 1478 4692 ligno
1495 4591 1615 4666 incifis
1633 4615 1692 4652 -·
1706 4592 1769 4666 sol.
1792 4592 1849 4666 55.
1876 4592 1941 4668 lin.

340 4707 397 4790 241
418 4703 585 4803 Eutropii
597 4705 670 4779 viri
687 4707 873 4782 clarissimi
890 4708 935 4782 de
953 4707 1059 4808 gestis
1074 4709 1223 4784 romani
1240 4709 1374 4810 populi
1399 4709 1486 4784 libri
1502 4710 1644 4784 decem.
1677 4708 1796 4807 Regia
1821 4709 1862 4781 in
1890 4707 1942 4780 ci-

341 4817 462 4902 vitate.
481 4821 702 4900 Cracovien.
727 4826 907 4928 Expcnsts
928 4825 1138 4929 spectabilia
1156 4826 1229 4909 viri
1251 4826 1411 4924 Domini
1435 4829 1594 4904 Joannis
1616 4827 1751 4900 Hallcr
1776 4823 1943 4926 impressi
2065 4911 2067 4916 ¹
