4706 5868
368 605 419 700 94
751 617 990 693 carimeris
1016 573 1390 700 arnsrocasrmcus
1416 611 1568 670 unxvr.

375 841 380 854 ·
468 819 608 894 270-
632 792 740 887 Quae
758 793 798 866 in
812 795 886 866 hoc
903 796 1098 869 volumine
1117 795 1380 869 continentur:
1400 787 1627 888 Bqffarionis
1643 787 1977 863 CardinalisNice-

374 911 434 997 ni,
451 928 490 985 et
507 909 747 984 Patriarchae
768 909 1173 1009 Constantinopolitani
1199 911 1238 982 in
1255 907 1569 982 calumniatorem
1587 905 1756 978 Platonis
1774 904 1861 978 libri
1882 933 1975 1005 qua-

373 1044 475 1114 tuor,
495 1053 591 1127 opus
607 1023 777 1120 varium,
799 1053 841 1100 ac
857 1025 994 1099 doctiss.
1012 1027 1051 1100 in
1069 1054 1154 1126 quo
1166 1023 1457 1127 praeclarillima
1471 1050 1670 1122 quaeque,
1686 1039 1724 1096 et
1739 1021 1972 1120 dignalectu‚

373 1170 470 1244 quae
491 1142 682 1217 aPlalone
705 1143 841 1242 scripta
861 1140 947 1217 funt
971 1145 1018 1218 ad
1037 1142 1211 1216 homines
1238 1159 1330 1216 tam·
1341 1140 1531 1226 moribus,
1556 1166 1672 1240 quarn
1694 1138 1895 1238 disciplinis
1917 1138 1974 1210 in·

370 1259 585 1346 eruendos,
602 1259 783 1344 breviter,
802 1260 977 1360 clareque
995 1316 1004 1346 ‚
1024 1277 1063 1334 et
1076 1260 1225 1359 placido
1243 1259 1339 1357 hylo
1352 1273 1565 1330 narrantur.
1580 1297 1625 1312 -
1640 1235 1811 1328 Eiusdem
1821 1281 1974 1329 correo»

373 1377 429 1450 tio
451 1376 640 1449 librorum
655 1375 823 1450 Platonis
843 1376 888 1449 de
905 1377 1050 1474 legibus
1072 1377 1227 1474 Georgia
1253 1355 1487 1473 Trapezunlro
1510 1375 1741 1474 interprete,
1759 1373 1824 1445 ubi
1843 1371 1974 1470 passim

372 1493 491 1568 verba
503 1518 638 1590 graeca
660 1493 772 1590 ipfius
792 1493 960 1568 Platonis
976 1494 1185 1567 recitantur
1207 1509 1246 1566 et
1259 1491 1476 1576 emendata,
1497 1507 1533 1564 et
1550 1516 1638 1562 cum
1655 1490 1730 1564 suis
1744 1487 1971 1575 accentibus,

373 1634 465 1682 nam
481 1609 520 1680 in
538 1607 643 1680 libris
661 1609 801 1680 Romae
821 1609 913 1680 olim
931 1601 1114 1707 imprellis
1135 1608 1273 1682 delunt.
1299 1607 1449 1680 Deinde
1466 1635 1487 1680 a
1507 1606 1720 1703 Bfftrione
1735 1607 1840 1706 saepe
1865 1631 1974 1702 argu·

378 1739 512 1798 mento
530 1725 750 1823 praemilso,
768 1725 808 1796 in
825 1725 983 1798 latinum
1007 1741 1219 1798 vertuntur.
1246 1726 1439 1798 Postremo
1472 1725 1706 1824 Trapezunte?
1729 1723 1877 1796 tralatio
1893 1721 1978 1794 sub-
2016 1795 2020 1798 .

384 1840 683 1940 ungitur‚'quod
702 1846 750 1914 est
766 1867 953 1941 perquam
970 1841 1064 1914 utile
1089 1836 1152 1932 iis,
1179 1843 1244 1939 qui
1268 1841 1410 1937 graecis
1438 1839 1557 1912 literis
1583 1840 1837 1924 instituuntur,
1863 1854 1978 1936 atque

378 1982 426 2030 ex
443 1957 586 2058 graecis
604 1955 734 2041 bonis,
758 1957 858 2030 bona
875 1956 990 2029 latina
1007 1947 1130 2031 lacere
1148 1957 1292 2029 volunt.
1304 1998 1350 2013 --
1364 1957 1536 2028 Eiusdem
1550 1955 1595 2029 de
1611 1971 1746 2029 natura
1768 1971 1804 2027 et
1818 1971 1897 2027 arte
1912 1954 1975 2026 ad-

375 2075 503 2146 versus
526 2073 691 2146 eundem
716 2073 986 2174 Trapezuntem
1012 2089 1191 2147 tractatus
1219 2072 1502 2174 admodumque
1531 2089 1680 2157 acutus,
1705 2098 1746 2144 ac
1774 2067 1974 2143 doctus.-

375 2189 548 2262 Eritsdem
563 2189 911 2288 Metaphysleorum
932 2187 1136 2286 Aristotelii
1150 2190 1273 2266 Xllll.
1292 2189 1480 2263 librorum
1500 2189 1718 2263 tralatio—
1743 2186 1985 2288 Theophrasti
2052 2231 2056 2242 ·

379 2305 729 2405 Metaphyficorum
745 2304 808 2378 lib.
831 2333 859 2378 1.
877 2348 926 2387 -,
950 2307 1068 2380 Index
1091 2333 1226 2380 eorum
1251 2307 1445 2394 omnium,
1474 2333 1571 2406 quae
1595 2305 1743 2404 lingulis
1766 2303 1869 2376 libris
1887 2330 1976 2403 per-

374 2411 598 2497 tractantur.
609 2463 655 2480 -
673 2421 777 2495 Haec
795 2421 835 2494 in
852 2420 977 2498 fronte
994 2450 1081 2497 cum
1092 2419 1406 2524 'infign.Typogr.
1424 2425 1518 2496 Aldi
1530 2424 1575 2496 R.
1586 2463 1630 2482 -
1647 2405 1807 2521 Epistola
1828 2422 1921 2493 Aldi
1930 2419 1977 2493 ad

379 2539 579 2636 Mathemm
594 2538 952 2614 avenionensem—
971 2537 1459 2644 Tabula'contentorum-
1480 2539 1543 2614 fol.
1570 2569 1597 2612 1.
1617 2539 1842 2636 Bessorum
1859 2538 1898 2611 in
1918 2564 1977 2610 ca-

376 2655 647 2730 lumniatorem
663 2655 832 2728 Platonis
850 2656 946 2730 lib'er
965 2659 1123 2758 primus.
1136 2697 1182 2713 —
1197 2659 1259 2732 101.
1291 2661 1368 2731 160.
1388 2658 1474 2731 libri
1496 2651 1589 2731 sexti
1614 2658 1713 2731 hnisl
1727 2696 1774 2712 -
1793 2655 1976 2754 Sequitur

374 2770 601 2868 Bessorzom's
623 2788 691 2845 etc.
716 2773 1064 2872 Metaphyslcorum
1094 2775 1298 2872 Aristotelis
1320 2777 1426 2848 XIV.
1454 2775 1643 2849 librorum
1672 2773 1868 2848 translatio
1888 2797 1976 2844 curn

375 2885 502 2983 insign.
522 2903 672 2984 typogr.
692 2886 755 2960 101.
778 2887 917 2959 55.1in.
937 2913 989 2960 12.
1014 2892 1170 2963 lienetr'zlr
1185 2893 1224 2964 in
1234 2892 1388 2966 aedibus
1405 2892 1544 2965 Aldiet
1555 2892 1725 2963 Andreae
1736 2891 1858 2962 Soceri
1871 2915 1977 2963 men·

373 2998 408 3076 le
426 3001 662 3102 Septembris
680 3003 733 3074 M.
744 3003 791 3075 D.
802 3002 908 3094 XVI,
930 3003 1031 3078 Char
1047 3007 1106 3079 lat.
1128 3005 1204 3080 1011.
1221 3007 1306 3104 sign.
1332 3010 1410 3080 160.
1425 3024 1463 3079 et
1475 3008 1532 3080 58.
1551 3008 1591 3078 in
1610 3023 1693 3110 toto
1706 3007 1787 3080 218.
1803 3007 1865 3080 lin.
1876 3009 1932 3080 55.
1952 3005 1975 3076 f.

562 3140 811 3284 Ponzerilffhnnal.
833 3140 964 3216 Typogr.
983 3141 1018 3197 Τ.
1037 3138 1065 3198 8.
1084 3162 1112 3217 p.
1131 3144 1196 3216 434.
1214 3144 1253 3199 N.
1269 3153 1334 3220 794.
1356 3144 1480 3200 clemen
1496 3129 1578 3198 1Λό.
1598 3145 1633 3198 T.
1649 3145 1676 3200 5.
1693 3145 1803 3218 p.251.
1820 3144 1911 3199 editio
1929 3163 1978 3198 rar

659 3251 674 3284 1
708 3250 780 3288 una.

378 3469 382 3476 .
467 3425 548 3496 272.
560 3441 607 3458 -·
625 3399 915 3476 Memorabilium
934 3405 1070 3479 aetatis
1092 3420 1130 3479 et
1149 3404 1323 3482 omnium
1350 3404 1524 3505 gentium·
1546 3401 1716 3478 chronici
1742 3418 1974 3476 commenta-

343 3509 362 3562 *‘
375 3516 462 3606 rii3a
477 3517 645 3592 Iohanne
661 3519 840 3593 Nauclero
855 3520 890 3594 J.
907 3522 954 3594 U.
978 3522 1027 3596 D.
1056 3521 1241 3621 Tubzhgae
1262 3519 1476 3622 praepofito
1491 3513 1533 3596 'et
1550 3519 1800 3624 uniuersitatis
1818 3517 1975 3593 Cancel-

371 3633 466 3708 lario
492 3633 618 3733 digesti
637 3635 676 3708 in
697 3663 840 3711 eranum
863 3637 991 3712 salutis
1011 3639 1062 3712 M.
1074 3640 1121 3712 D.
1139 3639 1285 3715 adiecta
1306 3663 1578 3737 germanorum
1605 3637 1719 3712 rebus
1747 3635 1899 3710 historia
1923 3634 1975 3708 de

371 3749 589 3826 suevorum
607 3767 696 3826 ortu
717 3753 891 3828 institutis
906 3781 948 3828 ac
965 3755 1128 3854 imperio
1141 3757 1453 3856 complevitopus
1473 3754 1684 3835 [Nikolaus
1701 3749 1868 3848 Boselaehs
1882 3753 1972 3824 Hir-

368 3865 566 3965 [augiensis
585 3868 693 3942 annis
709 3869 807 3944 XIV.
823 3870 872 3946 ad
889 3871 943 3944 Μ.
964 3871 1167 3946 additis-
1185 3873 1325 3970 inligne
1351 3873 1529 3947 Naucleri
1542 3889 1579 3946 et
1601 3870 1698 3946 inho
1715 3896 1761 3943 ex
1785 3869 1976 3968 Tubr'ngoe

371 3985 519 4058 Sacram
548 3984 656 4059 urbe.
683 3985 847 4060 Cautum
868 3987 1127 4062 Maximiani
1148 3990 1389 4088 imperatoris
1417 3991 1569 4064 decreto
1585 3986 1791 4084 Pririlegio
1814 4012 1862 4060 ne
1885 3987 1974 4090 quis

348 4159 349 4164 ,
368 4099 469 4174 intra
484 4099 714 4174 'decennium
730 4102 900 4177 excudat.
915 4147 965 4160 -
980 4106 1086 4178 Haec
1104 4107 1143 4178 in
1161 4107 1342 4179 fronte-
1360 4106 1425 4179 fol.
1447 4105 1528 4180 eod.
1549 4105 1713 4203 Epistola
1738 4104 1887 4200 Erasini
1898 4105 1976 4176 rto-

367 4214 546 4287 terodami
559 4215 606 4288 ad
631 4216 875 4318 Theologum
900 4219 1107 4316 Anselmum
1124 4265 1174 4281 --
1200 4224 1303 4297 loon.
1333 4223 1535 4298 Reuchlz'ni
1549 4219 1769 4296 Phorcenlts
1786 4235 1972 4320 tanquam

368 4327 525 4404 editoris
538 4331 741 4428 praefacio.
753 4376 794 4414 -,-
816 4336 990 4415 Index-
1007 4337 1082 4412 101..
1098 4367 1127 4412 1.
1150 4340 1344 4437 generatio
1362 4340 1543 4438 prima-
1563 4339 1626 4412 101.
1652 4366 1729 4437 ¹9¹·
1748 4337 1810 4410 lin
1825 4335 1882 4434 39.
1892 4336 1973 4436 pri-

366 4445 422 4520 mi
436 4445 644 4520 voluminis
658 4449 807 4523 11010-
833 4453 1019 4553 Sequitur.
1038 4457 1085 4528 D.
1114 4454 1267 4530 Ioannis
1292 4456 1471 4550 Nauclori
1488 4455 1735 4554 Tubingenfis
1761 4453 1968 4554 Praepoliti

366 4559 634 4636 chronicarum
649 4563 887 4642 historiarum
898 4569 1103 4647 secundum
1112 4574 1293 4648 volumen
1304 4573 1475 4672 partibus
1488 4572 1699 4650 distinctum
1711 4571 1855 4646 duabus
1865 4622 1875 4655 ,
1884 4597 1969 4668 quo

365 4677 440 4754 luis
461 4675 576 4766 etiarn
591 4677 783 4792 indicibus
796 4687 992 4763 censentur
1011 4706 1139 4774 010-
1157 4717 1249 4788 ergo
1269 4691 1350 4786 lege
1369 4733 1413 4746 -
1438 4691 1542 4772 Haec
1557 4690 1598 4764 in
1612 4683 1738 4764 fronte
1749 4731 1793 4748 -
1808 4687 1871 4759 fot.
1882 4685 1966 4758 eod.

369 4796 487 4872 Nicol.
512 4793 658 4896 Baefiale'i
680 4797 896 4880 exhortatio
915 4845 959 4866 -·
989 4805 1104 4881 index
1130 4805 1256 4907 operis
1274 4847 1318 4896 ·.·.·
1345 4805 1409 4882 101.
1434 4831 1463 4880 r.
1486 4813 1583 4908 opus
1604 4802 1865 4907 ipsum-fol.
1880 4800 1966 4898 317.
