4696 5860
225 539 229 546 ’
363 578 509 672 ιιιιινιιι
941 577 1069 621 ·-·-
1117 564 1225 664 )0(
1272 603 1370 624 --

368 756 602 852 biliotheca
623 759 894 874 exstantium,
924 791 1035 882 quae
1064 735 1272 854 saeculum
1292 770 1470 882 primum
1490 765 1847 888 typographicam
1867 801 1967 863 con·

369 957 566 1073 siituunt,
587 993 670 1054 una
694 993 787 1066 curn
809 968 1130 1070 continuatione
1149 964 1383 1100 editionum
1405 995 1430 1054 a
1456 955 1632 1083 Denisto
1652 995 1738 1060 non
1753 971 1971 1062 recensita·

366 1189 455 1250 rum
476 1167 643 1282 penitus
665 1159 909 1254 absolvitur.
1873 1255 1879 1298 Ι

463 1525 616 1616 Utrum
647 1524 727 1614 hac
756 1519 1074 1614 elucubratione
1099 1511 1426 1644 litteraria,qua
1447 1495 1593 1619 saltem
1629 1561 1722 1620 cum
1754 1561 1841 1634 ea,
1879 1563 1967 1652 qua

365 1726 459 1814 lieri
495 1721 667 1840 potest,
695 1723 1065 1816 verosimilitudine
1102 1723 1256 1814 saeculi
1299 1731 1424 1845 primi
1460 1733 1626 1819 initium
1676 1729 1851 1821 definire
1892 1763 1964 1822 co·

286 2013 292 2024 ,
364 1921 532 2028 nabar,
571 1957 624 2015 ea
662 1893 963 2042 praestiterim,
997 1955 1110 2042 quae
1131 1923 1353 2042 'praestare
1390 1925 1697 2036 desiderabam,
1731 1935 1782 2019 iis
1816 1931 1965 2044 dijudi-

364 2125 548 2226 candum
571 2125 805 2242 relinquo,
858 2131 931 2242 qui
963 2139 1130 2241 praeter
1151 2139 1316 2242 tempus
1344 2151 1430 2212 non
1457 2125 1704 2237 adjumentis
1739 2126 1965 2222 solummo-

363 2323 447 2433 do,
473 2323 545 2414 sed
576 2341 620 2416 et
649 2330 798 2438 majori
825 2329 1021 2443 ingenio,
1050 2323 1330 2441 doctrinaque
1378 2319 1564 2412 instructi
1597 2351 1684 2412 rem
1713 2325 1825 2416 adeo
1865 2303 1964 2418 con·

363 2521 499 2618 frisam
519 2523 687 2618 felicius
709 2532 918 2618 extricare
946 2523 1077 2615 scient
1085 2554 1099 2632 3
1128 2526 1310 2643 ipsorum
1341 2523 1523 2615 conlisus
1553 2523 1759 2667 aequitati
1780 2526 1965 2618 sufficiat
2043 2517 2048 2526 ¹

365 2721 558 2828 adferre,
581 2724 823 2844 catalogum
848 2725 1088 2843 generalem
1120 2726 1429 2844 specialemque
1456 2723 1620 2814 nostrae
1646 2722 1964 2836 bibliothecae,

366 2951 479 3042 quae
509 2951 725 3070 numerum
758 2931 929 3044 triginta
962 2933 1149 3043 quinque
1174 2925 1351 3014 millium
1378 2925 1730 3014 [electissimorum
1760 2921 1962 3016 librorum

363 3129 449 3214 iam
469 3125 668 3236 excedit,
691 3133 797 3219 iutra
827 3141 1014 3244 quatuor
1043 3151 1250 3214 annorum
1275 3122 1453 3238 spatium
1480 3121 1534 3210 ad
1565 3123 1688 3213 linem
1711 3125 1962 3238 perductum

364 3322 470 3418 mihi
492 3353 616 3420 omne
639 3325 754 3445 quali
769 3343 934 3444 tempus
954 3326 1009 3416 ad
1031 3327 1325 3442 indagationes
1343 3321 1467 3410 hasce
1486 3271 1709 3426 litterariae
1727 3317 1967 3438 abripuisset
2013 3371 2026 3378 -

366 3523 621 3644 Catalog'um
642 3533 755 3617 enirn
772 3525 883 3616 hunc
905 3555 985 3646 pro
1008 3553 1261 3644 quacunque
1280 3526 1449 3613 scientie
1476 3521 1699 3639 separatim
1722 3519 1964 3610 instinctum

362 3748 450 3820 nou
469 3753 588 3818 more
609 3725 736 3818 solito
764 3711 987 3844 repertorii
1005 3721 1206 3826 conieci,
1236 3723 1306 3812 sed
1339 3711 1596 3811 contentas
1583 3749 1626 3809 ιιι
1652 3713 1852 3810 omnibus
1871 3745 1967 3808 cor·

363 3921 538 4046 poribus
565 3942 608 4015 et
637 3917 961 4016 collectionibus
989 3927 1367 4016 commentationes
1389 3937 1433 4012 et
1461 3921 1766 4010 dissertationes
1788 3916 1963 4038 smgula-
1991 3987 1998 4000 .

310 4183 314 4190 ·
367 4156 434 4216 res
453 4135 495 4216 in
523 4125 740 4216 schedulas
767 4126 1002 4244 separatas,
1034 4153 1214 4290 quorum
1242 4151 1437 4214 numerus
1460 4121 1684 4240 plusquam
1705 4119 1885 4210 ducenta
1903 4067 1999 4236 [ιι.Ι

369 4333 540 4446 xaginta
563 4325 695 4416 millia
715 4324 1057 4448 comprehendit,
1077 4283 1357 4420 extrahendas
1373 4351 1570 4442 ,casque
1598 4320 1736 4411 eidem
1761 4279 1960 4432 catalogo

368 4526 592 4616 secundum
611 4525 819 4648 systema
807 4555 849 4616 m
868 4533 1010 4646 primis
1028 4522 1312 4620 voluminibus
1332 4523 1519 4660 indicato
1534 4517 1773 4612 inserendas
1792 4518 1962 4623 curavi,

369 4743 458 4844 quo
477 4723 596 4816 facto
604 4726 758 4846 triplex
782 4723 1068 4818 bibliothecae
1088 4726 1245 4816 utilitas
1265 4725 1491 4814 enascitur:
1521 4751 1593 4808 imo
1608 4723 1960 4834 supervacaneum
2005 4741 2010 4751 ¹
