4696 5860
349 603 360 628 ”
404 651 424 694 2
567 612 572 622 “
816 645 1069 718 ,οΑτΑιοουε
1095 643 1468 704 cinerosamnrcus
1495 643 1586 702 nor.

405 815 564 913 Damasi
576 819 622 892 de
638 820 810 894 laudibus
831 821 946 895 Pauli
958 821 1128 921 Apostoli
1147 819 1274 896 versus
1303 822 1525 898 hexametri.
1554 861 1604 878 -·-
1628 817 1765 916 Elegia
1783 817 1822 892 in
1839 819 2010 919 Pherusa-

404 933 487 1004 lem.
505 977 554 992 ·-
573 937 648 1008 Ode
666 935 704 1008 in
723 938 836 1010 rtatali
857 939 916 1010 die
935 939 1151 1041 Salvatoris.
1165 943 1268 1012 —ln
1283 939 1343 1014 die
1363 940 1587 1040 palmarum.
1604 978 1654 994 ·-
1669 936 1729 1011 De
1748 937 1913 1036 passione
1934 938 2012 1012 Do·
2067 919 2069 924 ¹

404 1049 499 1122 mini
517 1051 581 1123 Ad
601 1051 785 1148 Christum,
804 1070 849 1128 ut
862 1055 998 1154 perdat
1015 1056 1170 1131 Turcas.
1182 1055 1522 1158 -Epigrammata
1536 1055 1583 1129 ad
1595 1052 1733 1128 beatiss.
1750 1054 2014 1152 Virginem.—

406 1165 498 1240 Vita
513 1167 550 1239 S.
566 1168 725 1242 Martini
736 1169 901 1271 episcopi
922 1199 943 1246 a
961 1172 1092 1247 severo
1108 1171 1259 1272 sulpitio
1280 1171 1390 1272 prosa
1414 1174 1598 1248 oratione.
1612 1213 1662 1228 —
1680 1171 1740 1244 De
1764 1171 2014 1245 miraculis-S.

406 1281 564 1356 Martini
576 1285 780 1386 Dialogus,
799 1287 845 1362 ab
862 1287 1008 1362 eodem.
1029 1329 1078 1348 --
1095 1289 1155 1362 De
1174 1289 1373 1363 tralatione
1394 1291 1432 1364 S.
1450 1289 1607 1362 Martini
1620 1287 1666 1362 ab
1690 1285 1837 1361 eodem.
1856 1329 1906 1346 -·-
1927 1289 2019 1363 Vita

408 1399 445 1472 8.
465 1401 651 1475 M‘colaie
669 1429 805 1500 graeco
824 1403 864 1476 in
883 1405 1041 1478 latinum
1059 1433 1080 1480 a
1098 1406 1289 1508 Laoaardo
1305 1405 1510 1502 Iustiniana
1526 1405 1682 1505 patritio
1699 1405 2017 1480 veneto-Haec

406 1515 446 1588 in
465 1517 591 1590 fronte
610 1517 672 1592 fol.
698 1547 727 1592 1.
745 1547 776 1598 a.
795 1521 824 1594 F
826 1520 873 1594 ol.
894 1521 976 1597 eod.
997 1521 1031 1598 b.
1049 1563 1100 1580 -
1114 1522 1232 1596 Aldus
1246 1523 1433 1596 Manutius
1449 1525 1494 1597 R.
1506 1523 1664 1594 Danieli
1683 1523 1805 1594 Clario
1827 1521 2018 1598 Parmensi
2075 1540 2077 1544 ’

350 1657 351 1662 ’
410 1631 451 1704 in
468 1633 563 1707 urbe
579 1634 750 1730 Rhacusa
763 1636 890 1710 literas
904 1638 1056 1737 publice
1073 1639 1269 1739 profitenti
1288 1640 1325 1714 8.
1338 1641 1434 1713 P.D.
1455 1639 1556 1712 Data
1571 1641 1618 1712 est
1636 1638 1728 1712 haec
1743 1639 2022 1738 nuncupatoria

411 1751 500 1822 Ven.
527 1749 655 1824 Mense
681 1753 809 1826 Junio.
834 1756 886 1827 M.
907 1755 955 1828 D.
977 1759 1021 1830 11.
1043 1757 1097 1830 At
1114 1761 1195 1855 post
1214 1755 1459 1856 Epigramma
1475 1755 1537 1828 Ad
1553 1753 1806 1829 Beatissimam
1821 1755 2020 1854 virginem.

413 1867 457 1940 R.
476 1866 518 1939 Z.
540 1883 578 1940 et
592 1868 744 1968 registro
764 1869 970 1968 slgnaturae
989 1872 1126 1971 legitur
1150 1873 1306 1946 Varianis
1320 1872 1421 1973 apud
1437 1873 1570 1946 Aldom
1582 1871 1624 1944 M
1639 1872 1676 1943 D
1697 1875 1722 1946 l.
1743 1870 1867 1946 mense
1882 1874 2022 1946 Janua·

415 1982 495 2069 rio;
516 1983 603 2058 dein
629 1983 837 2086 sequuntur
859 1977 1002 2062 adhuc}
1028 1989 1191 2090 Epistola
1202 1989 1326 2086 severi
1344 1991 1493 2088 Sulpz'tii'
1513 1989 1560 2064 ad
1579 1985 1802 2084 Dtfiiieuiim
1824 1989 1869 2062 de
1898 1989 2024 2062 libello

417 2098 516 2173 vitae
542 2101 670 2174 Sancti
685 2105 842 2190 Martini
855 2147 902 2161 -
920 2105 966 2180 de
990 2105 1194 2180 Miraculis.
1223 2107 1260 2182 8.
1279 2107 1437 2182 Martini
1451 2104 1645 2203 Dialogus.
1665 2147 1715 2160 -
1738 2105 1798 2179 De
1822 2105 2022 2180 tralatione

416 2217 453 2289 S.
469 2217 627 2292 Martini
641 2219 687 2293 ab
712 2222 857 2296 eodem.
877 2265 926 2281 -·
946 2221 1038 2298 Vita
1053 2226 1090 2296 S.
1110 2224 1296 2298 Nicolaie
1317 2225 1442 2298 Greco
1465 2224 1504 2295 in
1523 2221 1703 2297 Latinum
1720 2249 1742 2296 a
1757 2224 1947 2296 leonardo
1962 2222 2025 2294 Ju·

408 2332 578 2429 stimaao
599 2379 650 2394 -
668 2354 706 2412 et
723 2337 811 2412 dein
836 2339 899 2414 fot.
919 2340 984 2413 ult.
1005 2340 1088 2413 218.
1117 2340 1180 2414 lin.
1204 2341 1256 2414 13.
1291 2345 1372 2442 post
1392 2340 1529 2414 Secula
1552 2338 1766 2413 seculorum
1789 2340 1884 2413 finis.
1915 2337 2031 2412 Char.

420 2449 501 2526 Lat.
518 2451 594 2530 soll.
613 2455 695 2529 218.
718 2481 797 2530 non
814 2457 899 2556 slgn.
929 2457 1015 2532 Lin.
1034 2458 1091 2552 37.
1124 2457 1148 2530 s.

614 2617 744 2673 Panaeti
760 2617 867 2674 Annal.
896 2619 1027 2694 Typogr.
1054 2613 1124 2674 Τ.8.
1142 2636 1170 2692 p.
1182 2619 1246 2692 542.
1267 2619 1305 2674 N.
1321 2615 1366 2676 58.
1393 2619 1495 2676 Μαίη.
1521 2621 1559 2674 11.
1577 2637 1606 2693 p.
1620 2611 1682 2690 148.
1699 2616 1838 2672 volumen
1854 2613 1912 2670 hoo
1928 2614 2028 2670 secuu-

712 2707 780 2776 dum
802 2709 980 2766 collectionis
1006 2725 1158 2784 poetarum
1178 2709 1399 2766 christianorum
1421 2711 1522 2786 patrna
1540 2708 1575 2765 ab
1596 2707 1729 2765 omnibus
1753 2708 1791 2762 ad
1811 2707 1967 2762 rarissimos
1984 2725 2029 2760 re-

712 2799 803 2854 sertur
820 2799 928 2857 libros:
946 2801 978 2856 in
993 2801 1065 2854 serie
1084 2801 1151 2855 dell'
1170 2801 1298 2856 edizioni
1316 2802 1421 2857 Aldine
1437 2823 1466 2876 p.
1479 2801 1519 2857 16.
1536 2801 1592 2856 hoc
1602 2803 1740 2856 volumen
1758 2802 1833 2855 inter
1851 2797 1941 2854 libros
1961 2798 2031 2851 anni

718 2891 797 2946 1502.
816 2906 949 2968 apparet:
971 2889 1002 2942 id
1022 2891 1100 2961 quod
1116 2891 1212 2945 forsan
1228 2895 1349 2947 veritati
1370 2895 1589 2948 consentaneum
1606 2891 1661 2954 ett;
1687 2911 1755 2946 nam
1775 2891 1835 2966 poli
1853 2909 1959 2946 annum
1977 2890 2030 2942 im·

715 2979 865 3054 preffmnis
883 2981 915 3034 in
933 2979 1027 3034 medio
1040 2981 1207 3038 Voluminis
1223 2981 1383 3038 indicatum
1399 2985 1544 3056 sequentes
1562 2989 1699 3039 tractatus
1713 3001 1788 3038 anno
1802 2985 1879 3040 1502.
1895 2979 2031 3037 verisimi-

644 3071 645 3074 ’
714 3072 781 3127 liter
798 3073 925 3148 primum
944 3069 1085 3128 subsecuti
1100 3071 1173 3126 sunt.
1236 3099 1238 3102 ·
1827 3077 1829 3082 “

526 3263 558 3335 3.
570 3301 618 3319 -—
630 3261 866 3362 Horologium
886 3279 1055 3338 aeternae
1060 3265 1280 3366 saptentiae.
1304 3305 1353 3320 -
1375 3261 1534 3336 Haecin
1555 3263 1681 3337 sronte
1700 3287 1786 3335 cum
1808 3261 1970 3358 imagine
1990 3261 2031 3332 B.

425 3379 596 3479 Virginis
612 3377 714 3476 ligno
733 3378 910 3452 incisa-
930 3381 992 3454 sol.
1011 3383 1092 3455 eod.
1105 3384 1147 3456 B.
1167 3384 1300 3458 eadem
1317 3382 1497 3478 imago-
1510 3380 1572 3454 sol.
1585 3407 1618 3454 2.
1638 3378 1771 3476 incipit
1791 3377 2035 3476 prologus.-

433 3498 478 3572 ad
496 3500 611 3572 finem
629 3497 791 3576 sol.‚128.
817 3497 947 3572 linas.
969 3498 1124 3597 explicit
1144 3499 1388 3598 horologium
1417 3513 1592 3571 aeternae
1617 3495 1830 3595 sapientiae.
1862 3496 2036 3567 Coloniae

427 3640 498 3715 per
519 3621 580 3687 me
600 3613 804 3687 &hannem
830 3615 1030 3712 Badensem
1048 3615 1145 3690 infra
1162 3607 1324 3690 sedecim
1343 3615 1481 3687 domos
1494 3613 1797 3687 commorantem
1816 3611 2034 3710 impressum

431 3748 543 3833 atque
563 3730 761 3828 diligenter
778 3748 1003 3806 correctum.
1031 3734 1145 3806 Anno
1162 3730 1320 3805 Domini
1339 3747 1531 3804 Mccccm.
1550 3719 1682 3805 mensis
1705 3727 1929 3803 Decembris
1952 3724 2031 3825 ipso

434 3849 751 3926 verodieLaciae.
770 3849 881 3922 Char.
891 3850 1006 3932 Goth,
1016 3839 1169 3924 minusc.
1187 3873 1275 3924 curn
1289 3849 1430 3950 figuris.
1452 3847 1528 3920 soll.
1553 3849 1629 3921 128.
1647 3845 1820 3944 nonfign.
1836 3842 2031 3952 Lin331.8

627 4009 815 4065 Maietairius
834 4007 868 4064 T.
884 4027 906 4061 ι.
927 4027 954 4080 p.
964 4007 1026 4062 555.
1038 4023 1065 4060 et
1074 4007 1136 4062 502.
1156 4005 1226 4062 duas
1243 4005 1351 4064 dehoc
1368 4022 1492 4066 tractatu
1509 4006 1625 4062 exhibet
1642 4005 1783 4061 editiones
1801 4002 1836 4058 ab
1854 4005 1929 4058 nnn.
1950 4011 2028 4076 ¹492·

723 4117 754 4156 et
773 4101 856 4175 1493!
884 4097 960 4152 lianc
978 4113 1072 4152 nutem
1092 4095 1126 4152 de
1148 4117 1224 4154 anuo
1249 4096 1329 4155 tsor'.
1356 4101 1493 4154 Coloniae
1518 4097 1623 4153 factam
1648 4097 1786 4169 nusquam
1820 4094 1949 4149 invenio.
1978 4092 2029 4148 sol.

726 4193 779 4250 ult.
799 4193 852 4250 lin.
862 4186 906 4248 28.
926 4189 1080 4262 eademque
1094 4181 1194 4264 imago
1215 4189 1252 4244 ad
1268 4188 1375 4254 finem,
1393 4207 1469 4262 qum
1483 4192 1619 4246 intrante
1635 4189 1761 4247 videtur.

535 4427 568 4511 4.
585 4461 633 4477 -
658 4421 703 4492 In
725 4423 1000 4519 Elagaattamm
1019 4417 1217 4517 Augustini
1233 4417 1356 4491 Dathi
1370 4418 1490 4490 coine
1507 4433 1692 4518 contenta:
1710 4455 1760 4472 -
1780 4413 1911 4488 Jodoci
1923 4411 2040 4487 Badii

444 4539 611 4638 Ascensu‘
628 4537 676 4611 de
700 4537 871 4637 Epistolis
895 4536 1275 4638 compendiolum-
1287 4533 1588 4634 Jodacti'salpitii
1606 4530 1790 4607 Vemlami
1804 4531 1850 4606 de
1867 4531 2036 4630 epistola·

442 4685 530 4734 rum
554 4653 824 4756 compositione
845 4655 993 4752 elegans
1016 4647 1238 4754 opusculum
1262 4647 1463 4724 abeodem
1478 4650 1647 4747 Ascensro
1665 4650 1740 4724 suis
1762 4648 1854 4722 locis
1873 4647 2037 4722 elucida-

441 4795 536 4853 tum.
559 4817 610 4840 -
632 4773 749 4850 ludex
769 4772 809 4848 in
838 4771 1119 4851 commentariis
1139 4765 1420 4846 Clichtoueanis
1443 4763 1756 4844 adnotandorum.
1775 4805 1825 4826 -·
1845 4759 2042 4860 Augustini
2108 4823 2111 4830 .
