4696 5860
733 683 975 746 cararoous
1001 681 1387 746 oromoonarrucus.
1414 685 1537 745 nnrx.
1892 675 1939 764 45

623 881 653 937 p.
672 861 734 936 254.
762 861 921 920 indicatam
936 862 1075 928 invenio,
1102 861 1154 918 ubi
1174 861 1388 938 Typograpbus
1406 879 1466 920 non
1490 862 1595 930 Sason,
1625 863 1671 920 sed
1687 863 1800 924 Samon
1817 836 1943 950 scriptus

623 953 740 1028 legitur.

351 1145 358 1156 '
435 1140 571 1214 128.-
594 1140 861 1214 Grammaticos
876 1137 1113 1235 thstr'tutzbnes
1129 1139 1860 1244 Iacobz'Henn'chmanm'findelfingensls
1878 1171 1938 1220 ca·
2051 1170 2054 1174 ·

335 1257 485 1358 higatae
517 1256 642 1332 denuo
659 1274 782 1358 atque
808 1257 1008 1358 diligenter
1032 1259 1244 1334 elaboratae
1259 1301 1308 1317 —
1336 1285 1395 1333 ara
1415 1259 1704 1334 condendorum
1725 1261 1939 1338 carminum

336 1374 896 1474 Henricz‘Bebelzi‘Justingenfis
913 1390 1048 1474 poetae
1069 1375 1237 1482 laureati.
1256 1375 1498 1475 Syllabarum
1513 1376 1741 1477 quantitates
1753 1433 1762 1464 ,
1774 1404 1939 1454 racema-

336 1491 460 1566 tiones
479 1508 518 1567 et
534 1492 793 1594 exquisitiores
810 1490 1091 1579 observationes
1110 1493 1280 1568 eiusdem
1291 1492 1462 1567 invenies
1472 1493 1535 1566 hic
1545 1492 1700 1568 studiose
1710 1495 1830 1568 lector
1839 1495 1938 1571 Hen—
1963 1582 1967 1590 ¹

242 1601 244 1606 ¹
336 1609 567 1682 n‘ciBebelii
579 1609 791 1684 carminum
812 1625 934 1684 artem
953 1609 1211 1697 emendatam,
1235 1626 1273 1685 et
1289 1627 1440 1685 auctam
1455 1610 1683 1711 quibusdem
1701 1609 1740 1684 in
1759 1612 1870 1700 locis,
1891 1639 1938 1687 ex

338 1753 414 1824 qua
435 1725 606 1824 priorem
624 1725 770 1800 anobis
789 1725 931 1800 editam
947 1727 1096 1825 castiges
1113 1724 1229 1801 velim
1247 1769 1296 1786 -
1313 1727 1375 1802 sol.
1401 1755 1484 1801 221.
1502 1755 1582 1804 non
1603 1727 1689 1826 sign.
1707 1727 1934 1827 Argentrnae

340 1841 493 1917 aedibus
513 1843 773 1916 Ioannz‘sPn‘st
785 1845 899 1941 vulgo
914 1871 995 1916 zum
1013 1841 1248 1943 Thzerganen
1259 1843 1477 1944 impressum
1488 1845 1603 1920 Anno
1617 1845 1669 1918 M.
1678 1846 1726 1918 D.
1739 1845 1807 1921 lX·.
1815 1845 1931 1922 Char.

339 1959 440 2057 goth.
463 1959 540 2034 soll.
559 1985 642 2033 220.
662 1959 748 2057 sign.
767 1989 889 2036 unum
906 1961 980 2036 fine
996 1987 1170 2037 numero.
1187 1963 1250 2039 lin.
1267 1969 1325 2052 4ο.
1352 1967 1384 2052 4.

527 2099 657 2155 Panzert'
669 2099 775 2156 Annal.
798 2101 930 2176 Typogr.
950 2101 984 2158 T.
995 2099 1022 2157 6.
1038 2120 1068 2177 p.
1077 2101 1124 2176 45
1142 2101 1181 2158 N.
1197 2101 1259 2158 155.

315 2362 318 2372 ,
438 2285 894 2390 129.-Ccffmographne
918 2289 1129 2362 introductio
1150 2314 1239 2362 cum
1266 2287 1494 2388 quibusdam
1515 2289 1747 2388 geometriae
1765 2315 1809 2362 ac
1826 2293 1938 2363 astro-

336 2402 488 2478 nomiae
508 2396 705 2504 principiis
724 2405 770 2480 ad
788 2433 872 2480 eam
889 2432 973 2479 rem
987 2405 1255 2480 necessariis-
1274 2405 1425 2504 insuper
1443 2421 1608 2505 quatuor
1627 2405 1793 2477 Americi
1813 2402 1937 2504 ldaspu-

336 2521 650 2619 ciinavigationes
662 2558 713 2580 --
728 2521 947 2597 universalis
965 2520 1284 2621 Cosmographiac
1308 2519 1507 2618 descriptio
1526 2537 1605 2593 tam
1625 2519 1662 2591 in
1684 2518 1802 2592 solido
1822 2545 1938 2620 quam
2046 2513 2048 2518 ’

265 2699 272 2712 .
336 2637 470 2736 plano,
493 2637 546 2710 eis
566 2639 681 2712 etiam
698 2637 867 2722 insertis,
888 2666 984 2740 quae
1009 2637 1210 2712 Ptolomeo
1237 2639 1384 2736 ignota,
1414 2665 1435 2710 a
1453 2635 1608 2735 nuperis
1623 2652 1775 2735 reperta
1792 2633 1937 2709 sunt-

335 2748 503 2850 sequitur
524 2753 763 2834 distichon—
779 2755 938 2828 Haecin
963 2755 1090 2828 fronte
1106 2797 1154 2834 -.-
1172 2754 1235 2828 sol.
1256 2749 1392 2827 eodem
1418 2749 1576 2848 th'lqsii
1598 2753 1835 2856 Vogcfigzizae
1852 2781 1933 2838 car·

306 2945 308 2952 ,
339 2895 482 2943 men-
504 2869 567 2944 fol.
591 2899 623 2944 2.
653 2871 908 2973 antiloquium
930 2873 1095 2948 auctoris
1114 2872 1272 2947 Mambri
1293 2871 1536 2944 Ilacomilr'-
1554 2869 1616 2943 fol.
1636 2871 1668 2944 3.
1689 2871 1935 2946 Geometriae

337 2986 563 3062 rudimenta.
589 2989 652 3062 sol.
679 2989 736 3062 32.
755 2989 817 3065 lin.
847 2991 899 3063 18.
919 2989 1048 3090 pressit
1070 2990 1171 3090 apud
1192 2989 1475 3088 Argentoracos
1502 2987 1694 3086 hocopus
1718 2986 1939 3087 ingeniosus

339 3105 399 3178 vir
416 3104 545 3180 loona.
566 3104 902 3207 Grunzhgersuper.
923 3106 1287 3208 SesquImilefimum
1304 3130 1419 3180 nono.
1439 3103 1579 3176 Ioanne
1590 3104 1758 3205 Adolpho
1774 3107 1936 3181 Mulr'cho

338 3223 670 3322 Argentinensrum
692 3225 929 3324 Castigatore.
957 3225 1068 3300 Char.
1090 3225 1193 3326 goth.
1213 3223 1290 3298 soll.
1306 3223 1363 3297 32.
1381 3248 1462 3296 non
1475 3248 1624 3298 numer.
1645 3221 1708 3298 lin.
1725 3222 1783 3319 37.
1805 3229 1840 3311 4.

527 3365 656 3420 Punzeri
671 3364 776 3420 Annal.
796 3365 927 3440 Typogr.
948 3365 983 3419 T.
990 3362 1016 3420 6.
1033 3373 1117 3440 1244.
1137 3364 1177 3420 Ν.
1189 3363 1252 3420 ι5ο.

433 3553 569 3625 13o.-
586 3553 742 3649 Agenda
764 3551 837 3626 five
852 3552 1150 3625 Benedictionale
1165 3574 1368 3624 commune
1382 3545 1616 3643 agendorum
1634 3542 1786 3618 cuilibet
1798 3547 1933 3646 pallori

334 3667 505 3742 ecclesiae
522 3667 837 3742 necessarium-
865 3669 969 3742 Haec
988 3668 1029 3741 in
1046 3667 1172 3742 fronte
1189 3709 1230 3728 ·-
1250 3665 1319 3737 litt.
1338 3661 1474 3736 rubris.
1494 3661 1556 3734 sol.
1578 3661 1626 3748 84
1646 3659 1864 3759 impressum
1884 3667 1933 3736 est

333 3785 407 3862 hoc
432 3811 529 3883 opus
550 3785 786 3882 agendorum
805 3801 994 3859 caractere
1015 3783 1137 3858 nitido
1161 3781 1299 3880 Lyptzlr
1323 3803 1392 3878 per
1418 3777 1601 3852 Melcsn'or
1619 3777 1750 3850 Lotter.
1778 3779 1935 3852 Armua
2007 3830 2021 3855 ·.

333 3915 447 4000 partu
463 3900 632 3998 Virginis
651 3902 704 3974 M.
715 3900 890 3974 CCCCC.
902 3901 968 3974 lX.
996 3899 1107 3973 Char.
1120 3899 1222 3999 goth.
1240 3896 1402 3972 choralis
1415 3894 1669 3994 rubro-niger.
1685 3892 1761 3968 foll.
1778 3893 1835 3968 83.
1849 3891 1934 3992 fign.

339 4015 415 4090 duo
433 4015 507 4090 sine
522 4041 627 4090 num.
648 4015 710 4090 lin.
734 4043 786 4114 ¹9·
813 4024 847 4106 4.
930 4105 931 4108 ¹

530 4151 633 4210 Editio
650 4153 810 4220 rarissima,
831 4169 859 4211 ct
876 4152 1001 4212 anulillis
1017 4151 1226 4211 recentioribus
1242 4153 1402 4230 incognita.

440 4343 516 4416 131.
530 4387 576 4402 -
594 4342 800 4441 Pnsczbnus
811 4388 857 4405 -
874 4367 954 4417 non
974 4344 1143 4420 docentis
1166 4357 1204 4416 et
1217 4337 1458 4414 scribentium
1475 4335 1627 4410 insra-
1642 4331 1768 4410 Habes
1777 4335 1839 4408 hic
1850 4361 1937 4409 cana

342 4459 427 4534 dide
445 4460 588 4534 Lector
605 4461 645 4534 in
662 4462 739 4540 hoc¹
752 4487 869 4562 opere
889 4461 1072 4558 Prisciani
1084 4463 1266 4535 volumen
1286 4457 1408 4556 maius
1427 4481 1517 4530 cum·
1533 4454 1767 4556 exposltione
1788 4454 1938 4552 elegan-

342 4576 475 4652 tissima
492 4576 678 4653 clerillimi
695 4578 914 4680 Philosophi
936 4579 1090 4652 Ioannis
1112 4578 1157 4651 de
1184 4576 1350 4676 Az'ngrae
1365 4617 1414 4634 -
1434 4572 1550 4648 habes
1570 4574 1644 4647 huc
1666 4569 1817 4672 insuper
1839 4570 1937 4644 eius-

344 4693 432 4770 dem
451 4697 632 4770 volumen
653 4695 798 4781 minus,
826 4715 865 4771 et
889 4697 935 4770 de
957 4695 1160 4770 duodecim
1184 4692 1413 4768 carminibus
1443 4718 1485 4767 ac
1509 4692 1624 4766 etiam
1653 4689 1699 4764 de
1720 4687 1937 4764 accentibus

343 4839 431 4889 cum
449 4811 680 4913 expositione
698 4813 770 4889 viri
787 4815 977 4916 eloquent.
996 4814 1171 4888 Danz'elaes
1191 4807 1374 4914 Cajetom':
1389 4836 1492 4885 nunc
1509 4807 1679 4908 primurn
1691 4804 1806 4910 edita,
1821 4801 1937 4877 habes
