4706 5868
375 669 423 741 92
486 633 491 644 ’
771 663 1010 722 curacoous
1031 658 1603 721 etnuooaaeu1cosnnxv1.·

378 825 466 911 ce'sts
486 837 600 912 Anno
616 838 776 932 Domini
796 805 1024 938 M.‚D.xv1.
1046 840 1107 916 die
1123 833 1217 916 uero
1242 842 1371 915 XXV.
1390 839 1524 915 mensis
1545 837 1712 936 Augusti:
1733 837 1845 913 Char.
1874 843 1977 938 goth.

379 954 456 1027 soll.
478 961 534 1052 74.
556 955 641 1052 stgn.
662 954 818 1046 tin.154.
845 957 869 1030 s.

571 1094 700 1151 Panaeti
719 1095 823 1150 mal.
842 1096 976 1172 Typogr.
996 1095 1030 1150 T.
1041 1095 1068 1152 6.
1087 1095 1170 1170 p.76.
1189 1097 1225 1152 N.
1235 1049 1300 1171 dica.

472 1237 614 1333 267.—
627 1237 791 1309 Saverrizi
802 1237 956 1312 Boethii
968 1219 1016 1314 de
1036 1237 1289 1314 consolatione
1311 1236 1576 1338 Philosophiae
1598 1237 1683 1310 libri
1705 1239 1874 1338 quinque
1894 1268 1981 1314 cum

379 1353 562 1454 perclaris
578 1354 732 1426 Ioannis
748 1354 952 1429 Murmellii
961 1355 1265 1442 commentariis.
1285 1382 1449 1455 cumque
1467 1353 1654 1455 Rodolphi
1668 1358 1864 1454 Agricolae
1874 1355 1982 1429 Phri-

366 1473 427 1568 sii
440 1487 479 1547 et
499 1470 696 1568 Augustiiai
710 1472 834 1544 Dathi
846 1471 1145 1546 doctissimorum
1163 1473 1336 1549 virorum
1359 1472 1398 1548 iu
1414 1471 1565 1546 Boethii
1575 1490 1724 1572 partem
1744 1472 1981 1550 luculentissi-

377 1617 441 1664 ma
457 1587 696 1662 enarratione
715 1604 784 1664 etc.
802 1590 854 1662 M.
865 1589 1156 1665 CCCCC.XVI.
1174 1591 1335 1692 Epistola
1344 1589 1470 1664 Iouna.
1488 1592 1691 1665 Murmellii
1699 1591 1744 1664 ad
1754 1590 1981 1690 Rudohrhum

249 1743 253 1751 Δ
381 1707 565 1802 hungriam
577 1746 624 1766 -
640 1705 704 1779 sol.
728 1713 806 1796 104.
825 1706 887 1781 lin.
908 1715 966 1796 24.
983 1707 1046 1780 hic
1062 1709 1178 1782 finem
1194 1709 1385 1809 accipiunt
1404 1707 1491 1781 libri
1501 1707 1671 1809 quinque
1683 1703 1982 1782 Boethzbnicum

380 1821 582 1896 luculentis
602 1823 729 1896 Iouna.
750 1823 939 1898 Mannelii
952 1825 1254 1900 enarrationibus
1275 1825 1349 1900 etc.¹
1362 1869 1412 1882 -
1443 1821 1617 1900 Coloniae
1640 1825 1680 1898 in
1706 1825 1862 1900 ossicina
1883 1825 1981 1900 litte·
2023 1905 2025 1908 ,

383 1937 484 2013 racia
492 1937 749 2037 ingenuorum
764 1941 975 2017 liberorum
995 1942 1172 2046 Quentell.
1183 1947 1295 2018 Anno
1312 1945 1364 2018 Μ.
1375 1945 1422 2016 D.
1433 1943 1538 2017 XVI.
1552 1943 1674 2044 pridie
1688 1937 1870 2017 Calendas
1880 1941 1980 2015 Mar·
2069 2037 2075 2047 ι

379 2055 466 2150 tias.
489 2055 601 2129 Char.
618 2057 720 2154 goth.
740 2059 892 2133 minusc.
911 2059 1005 2134 Foll.
1037 2060 1229 2162 rodigo.
1260 2087 1312 2136 12.
1339 2061 1412 2136 stne
1433 2087 1540 2135 num.
1558 2061 1622 2137 lin.
1636 2059 1692 2136 32.
1714 2058 1752 2136 in
1771 2058 1897 2133 Textu
1925 2061 1982 2146 45.

378 2171 519 2271 glollue
536 2197 654 2270 marg.
681 2181 714 2264 4.

571 2290 700 2366 forban·
716 2313 967 2390 Annal.'1'ypogr.
985 2317 1019 2372 T.
1029 2335 1056 2390 9.
1076 2336 1104 2394 p.
1115 2317 1178 2390 426.
1198 2317 1236 2372 N.
1248 2318 1312 2391 257.
1331 2315 1374 2380 b„

474 2453 618 2526 268.-
637 2453 887 2555 Compendeirm
909 2460 1175 2560 Etymologiae
1194 2477 1232 2535 et
1251 2459 1429 2560 syntaxis
1448 2458 1538 2534 artis
1553 2457 1821 2557 grammaticae
1832 2457 1986 2530 Liban-

382 2571 887 2648 m'LameneriGuernenfis.
914 2576 1002 2650 Jam
1026 2576 1079 2652 ita
1097 2576 1309 2651 absolutum
1332 2593 1445 2678 atque
1461 2576 1718 2675 recognitum,
1738 2573 1988 2676 pluribusque

380 2691 420 2763 in
437 2687 529 2762 locis
546 2688 592 2762 ab
616 2688 752 2762 eodem
772 2707 926 2766 auctore
947 2693 1145 2782 illustratus
1167 2713 1342 2781 auctum,
1367 2710 1405 2768 et
1432 2695 1472 2768 in
1496 2719 1583 2770 eum
1602 2693 1778 2782 ordinem
1793 2690 1989 2766 redactum

384 2805 568 2909 (maxime
587 2801 627 2876 in
648 2805 843 2882 volumine
863 2809 908 2884 de
930 2809 1193 2908 instructione)
1214 2811 1351 2886 utiam
1370 2837 1450 2896 non
1469 2811 1582 2884 huius
1599 2809 1919 2884 artisrudimento
1932 2806 1989 2882 so-

381 2926 465 2998 lum
485 2919 549 2996 sed
568 2919 685 3021 ipsam
701 2940 822 2998 artem
848 2927 1133 3024 grammaticam
1153 2927 1288 3002 itinere
1317 2929 1509 3022 videatur.
1530 2929 1607 3002 Pro
1627 2927 1776 3001 duobus
1799 2952 1845 3000 ex
1867 2926 1984 2999 fratre

380 3040 586 3141 nepotibus
596 3041 775 3140 equestris
788 3043 932 3117 ordinis
944 3043 1014 3115 viri
1027 3045 1180 3118 Ioannis
1189 3043 1311 3121 Dobei
1318 3045 1513 3146 utriusque
1525 3045 1621 3142 juris
1632 3042 1850 3144 professoris
1861 3039 1990 3115 eximii

308 3197 313 3206 ·
382 3156 614 3258 majorisque
623 3158 1100 3257 ecclestaelMonasterienlls
1115 3160 1304 3257 Westsalie
1312 3160 1495 3234 canonici.
1506 3160 1622 3232 Anno
1634 3160 1686 3231 M.
1700 3159 1986 3231 ceccuxvt.

353 3290 364 3370 j
383 3274 516 3351 Editio
538 3274 674 3350 ultima
697 3275 809 3374 lon'ge
831 3277 1107 3377 castigation-
1128 3278 1233 3352 Haec
1260 3277 1299 3350 in
1325 3277 1451 3349 fronte
1481 3300 1571 3349 cum
1598 3273 1830 3348 Tetrasticho
1861 3273 1990 3345 Ioann.

367 3394 623 3470 «Mannebt-
639 3391 702 3466 sol.
719 3392 803 3468 eod
820 3393 853 3466 b.
866 3395 1051 3495 Epistolae
1072 3395 1247 3468 simeoni
1260 3393 1508 3469 Cameneriad
1529 3393 1633 3466 Ioan.
1644 3389 1766 3463 Debes
1783 3404 1911 3462 etc-
1923 3387 1986 3460 sol.
2009 3489 2012 3496 ι

385 3512 444 3587 68.
460 3511 523 3585 tin.
539 3536 597 3585 21.
611 3509 685 3584 hoc
697 3511 935 3610 praeclarum
946 3514 1212 3613 grammaticae
1229 3511 1451 3614 opusculum
1468 3534 1515 3584 ex
1530 3507 1686 3609 optimis
1701 3502 1982 3605 clarillimisque

391 3627 611 3705 auctoribus
625 3628 827 3702 collectum
842 3627 1061 3730 impressum
1077 3647 1115 3706 et
1134 3633 1308 3704 Colomire
1322 3629 1361 3702 in
1373 3627 1528 3702 ollicina
1538 3624 1722 3700 litteraria
1736 3624 1992 3721 ingenuorum

390 3747 577 3824 librorum
599 3745 775 3848 Qttemell.
802 3749 917 3823 Anno
941 3779 963 3824 a
991 3751 1104 3824 natali
1125 3749 1323 3825 christiano
1345 3745 1397 3818 M.
1408 3746 1455 3818 D.
1467 3744 1574 3824 xvt.
1601 3743 1639 3816 in
1665 3741 1860 3817 Januario.
1878 3736 1991 3812 Char.

387 3864 492 3965 goth.
514 3863 694 3941 minutils.
706 3865 840 3964 glossae
860 3889 976 3966 marg.
998 3867 1075 3943 soll.
1090 3869 1148 3942 68.
1163 3891 1244 3940 nou
1260 3865 1345 3964 fign.
1366 3863 1429 3937 lin.
1448 3861 1505 3952 43.
1532 3885 1566 3934 2.
1588 3870 1613 3920 θ

580 4001 684 4059 Editio
702 4003 848 4074 Aualytlls
866 4006 1060 4063 verisimiliter
1076 4003 1238 4062 bucardum
1256 4004 1416 4079 incognita.

485 4138 753 4235 269.-·stcut1'
765 4137 1009 4239 antiquarum
1020 4137 1228 4213 lectionum
1246 4132 1541 4209 commentarios
1551 4128 1897 4206 concinnaratolim
1907 4125 1988 4200 vin-

392 4255 465 4327 dex
488 4249 664 4348 Ceselzits,
682 4253 734 4328 ita
750 4282 854 4330 mure
874 4255 1030 4332 eosdem
1043 4279 1113 4354 per
1130 4253 1317 4329 incuriam
1334 4251 1568 4349 interceptos
1587 4247 1781 4348 reparavit
1797 4245 1993 4318 Lodevicus

396 4372 543 4444 Caelius
560 4369 804 4462 Rhodictizun
824 4374 862 4449 in
882 4373 1055 4474 corporis
1074 4397 1193 4446 unam
1212 4371 1317 4446 velut
1333 4371 1475 4445 molem
1492 4366 1644 4466 aggestis
1662 4365 1833 4466 primum
1844 4361 1995 4460 linguae

391 4486 593 4587 utriusque
611 4487 787 4576 floribus,
808 4518 899 4567 mox
909 4492 1093 4568 advocato
1108 4489 1157 4564 ad
1166 4504 1295 4590 partes
1306 4487 1461 4560 Platone
1478 4485 1589 4571 item,
1607 4509 1650 4558 ac
1661 4479 1862 4555 Platonicis
1872 4475 1996 4553 omni·

391 4606 484 4692 bU³2
500 4629 572 4678 ¹¹00
592 4630 672 4680 non
690 4605 897 4703 Aristotele.
920 4637 963 4686 ac
981 4607 1169 4706 haereseos
1184 4605 1355 4681 eiusdem
1371 4603 1463 4676 viris
1474 4601 1575 4686 aliis,
1593 4599 1656 4674 sed
1671 4615 1712 4673 et
1725 4597 1998 4694 theologorum

392 4721 605 4824 plerisque,
622 4749 665 4804 ac
676 4723 1040 4820 jureconsultorum,
1054 4743 1098 4802 ut
1112 4723 1280 4798 medicos
1296 4738 1460 4805 taceam,
1478 4736 1517 4792 et
1531 4717 1714 4792 mathesin
1725 4712 1928 4815 professos,
1947 4730 1993 4781 ex

395 4868 471 4941 qua
489 4840 550 4919 vel
566 4863 610 4924 ut
629 4847 801 4928 lectionis
823 4845 1010 4945 farragine
1035 4843 1272 4945 explicantur
1291 4838 1440 4934 linguae
1458 4835 1597 4912 latinae
1620 4835 1723 4920 loca,
1744 4827 1994 4931 quadringen-
