4696 5860
407 647 451 716 16
810 665 1049 725 0111100110
1075 667 1450 728 nmuocnarnrcus
1477 673 1597 731 nnvt.

444 839 449 854 ¹
497 834 763 913 filia-Statum
793 841 998 939 chcestmc
1028 845 1339 922 Reverendillimi
1359 849 1399 921 in
1417 849 1499 924 Xto
1521 841 1643 926 Patris
1659 867 1697 925 et
1716 851 1861 926 domini
1881 857 2002 931 domi·

404 951 443 1032 nl
462 952 618 1040 Heneti
631 961 805 1060 Episcopi
823 962 1057 1059 Augustensls
1077 964 1116 1036 in
1132 965 1386 1042 celebratione
1402 968 1536 1042 Sinodi
1557 967 1713 1044 crastino
1739 970 1882 1046 satutae
1906 975 2005 1047 Mar-

400 1085 589 1188 garethac.
616 1079 719 1153 Anni
741 1077 901 1152 Domini
917 1079 1091 1154 Mileiimi
1111 1081 1396 1180 quingentesnni
1416 1088 1481 1159 Vl.
1493 1086 1741 1185 publicata-
1759 1113 1847 1160 cum
1859 1089 2004 1189 insigni·
2058 1107 2061 1112 “

402 1206 472 1279 bus
491 1199 736 1300 Episcopatus
765 1196 953 1294 augustani
975 1197 1014 1268 in
1043 1197 1237 1270 fronte-
1261 1199 1324 1273 fol.
1346 1201 1429 1274 eod.
1456 1203 1656 1300 registrum
1683 1203 1941 1302 supersutut.
1958 1246 2007 1265 -··

405 1322 468 1396 fol.
496 1319 548 1391 13.
568 1315 630 1387 lin.
649 1315 707 1410 39.
726 1313 864 1386 finiunt
883 1315 1013 1385 statuta
1035 1311 1249 1390 diocaesana
1270 1316 1317 1390 de
1337 1313 1515 1392 mandato
1538 1319 1714 1418 prelibati
1731 1321 2005 1399 Reverendisl't-

400 1438 453 1512 mi
475 1432 662 1530 Principis
693 1445 732 1504 et
747 1430 862 1501 Dom.
889 1427 1047 1501 Domini
1074 1431 1230 1504 Henn'cz'
1249 1431 1402 1530 prefidis
1426 1436 1577 1532 August.
1603 1435 1813 1533 dignissimi
1844 1465 1914 1538 per
1936 1441 2005 1513 Er-

407 1555 559 1628 tardum
580 1547 731 1642 Ilatdolt
755 1541 939 1641 Augustae
969 1544 1158 1644 impressa:
1185 1549 1300 1622 Anno
1324 1549 1483 1622 Domini
1502 1551 1803 1626 MCCCCCVl..
1825 1555 2004 1630 Kalendis

407 1666 573 1769 Augusti·
595 1664 657 1739 f01·
678 1668 731 1751 ¹4·
752 1662 879 1760 inslssn·
897 1663 1068 1763 TyPOgr.
1088 1664 1256 1780 Rctdolti
1269 1691 1357 1740 cum
1373 1667 1538 1742 verubus
1554 1667 1670 1742 solitis
1694 1685 1762 1744 etc.
1786 1670 1849 1745 sol.
1871 1675 1923 1746 15.
1939 1677 2005 1747 sla-

400 1804 483 1863 tuta
508 1783 589 1859 aliis
616 1779 757 1854 statutis
781 1779 1020 1878 synodalibus
1045 1781 1357 1856 Reverendillimi
1385 1783 1423 1855 in
1451 1783 1597 1858 Christo
1630 1785 1752 1858 Patris
1784 1803 1822 1863 et
1846 1789 2008 1864 Domini

284 1997 288 2008 Ι
400 1904 556 1978 Henrici
571 1895 746 1999 Episcopi
767 1897 1001 1995 Augustensls
1026 1897 1066 1971 in
1083 1898 1336 1972 celebratione
1346 1901 1493 1998 Synodi
1510 1901 1666 1989 crastino
1680 1903 1840 1978 Sanctae
1856 1905 2006 2004 Marga-

403 2022 526 2096 rethcc
546 2016 648 2090 Anni
670 2012 830 2087 Domini
852 2013 1038 2093 Millestmi
1061 2014 1349 2116 quingentestmi
1376 2015 1467 2090 sexti
1500 2016 1609 2090 editis
1635 2017 1888 2118 adjungenda,
1918 2047 2006 2094 cum

404 2135 607 2236 insignibus
628 2131 730 2205 Prin.
751 2131 849 2228 Aug.
869 2131 983 2204 -ad
1001 2133 1117 2206 finem
1138 2133 1199 2204 sol.
1223 2133 1275 2204 18.
1298 2130 1362 2205 lin.
1382 2138 1439 2221 24.
1460 2133 1589 2206 datum
1610 2132 1768 2232 Auguste
1789 2137 1904 2210 Anno
1924 2137 2004 2210 Do-

406 2255 502 2330 mini
519 2249 702 2326 Milelimo
720 2247 1019 2347 quingentesimo
1045 2246 1204 2347 septimo
1231 2246 1354 2346 pridie
1370 2250 1471 2324 Non.
1497 2251 1738 2329 Nouembris.
1766 2254 1877 2327 Char.
1896 2253 1998 2352 goth.

405 2368 534 2471 grand.
552 2369 630 2443 soll.
653 2366 804 2438 18.11011
823 2362 908 2460 sign.
930 2363 992 2436 lin.
1015 2363 1078 2437 sol.
1097 2363 1212 2462 primi
1232 2365 1266 2437 b.
1292 2365 1348 2438 58.
1375 2367 1400 2438 f.

597 2505 725 2562 Pcnzerc'
740 2500 995 2650 Annal.5T)P¹Jp}gr.
1015 2502 1049 2557 T.
1067 2500 1092 2557 6.
1113 2521 1141 2578 p.
1155 2503 1216 2559 235.
1234 2503 1271 2559 N.
1290 2504 1336 2578 34.
1357 2505 1445 2580 Zcps
1452 2504 1620 2581 Augsburgs
1640 2503 2006 2583 Buclsdrucliergesclriclrte

695 2595 729 2649 T.
740 2609 767 2648 2.
785 2609 871 2670 pn.
920 2631 929 2648 1.
958 2634 964 2648 .
1984 2593 1987 2600 “

499 2715 1237 2864 61-0111011101-4111111111101111
1258 2807 1304 2826 -
1321 2767 1385 2841 sol.
1404 2795 1436 2841 2.
1456 2769 1587 2842 Prima
1610 2795 1710 2870 pars.
1735 2769 1870 2870 incipit
1893 2772 2007 2876 Sum-

345 2949 352 2962 ,
406 2914 480 2972 ma,
498 2911 594 2984 quae
613 2898 771 2955 vocatur
788 2867 992 2954 catholicon
1011 2883 1112 2956 edita
1129 2910 1150 2955 a
1170 2885 1287 2957 fratre
1304 2885 1450 2959 Joanne
1465 2886 1512 2959 de
1531 2887 1654 2989 Januc
1678 2887 1824 2960 ordinis
1844 2887 2005 2961 fratrum

406 3000 776 3104 praedicatorum-
795 2997 858 3070 sol.
877 2999 959 3094 296.
979 2995 1041 3070 lin.
1068 2998 1125 3092 37.
1143 2999 1378 3072 dictionarzus
1393 3003 1454 3074 seu
1476 3002 1724 3074 vocabulcrtics
1751 3002 1877 3077 fratris
1894 3004 2007 3077 Joan-
2031 3025 2034 3031 ·

339 3207 346 3217 Ι
410 3121 470 3192 nis
486 3112 681 3211 Jcnucnsis
700 3125 769 3188 etc.
796 3155 846 3170 —
873 3115 1029 3186 Venetz'is
1053 3112 1148 3187 iullu
1171 3129 1212 3186 et
1235 3114 1411 3214 impenfis
1439 3117 1599 3189 Domini
1626 3119 1728 3190 Petri
1743 3117 2008 3215 Lzechtcnstein

407 3231 659 3310 Coloniensts'.
676 3231 845 3330 vigilanti
859 3231 979 3306 studio
991 3226 1135 3304 revisus
1148 3229 1448 3331 emendatusque
1466 3231 1637 3306 felicibus
1649 3231 1804 3308 tandem
1824 3235 1925 3308 astris
1944 3235 2008 3309 ab·

332 3437 335 3448 Ι
408 3352 550 3434 solutus
568 3351 620 3424 est
638 3349 752 3422 Anno
770 3347 991 3447 salutigerae
1011 3346 1280 3422 incarnationis
1306 3349 1409 3421 1506.
1430 3347 1491 3422 die
1508 3339 1612 3422 sexto
1633 3347 1813 3424 Octobris
1833 3392 1879 3406 -
1897 3350 2008 3448 negi-

407 3473 525 3544 urum
542 3466 671 3565 operis
687 3482 760 3544 etc.
789 3464 903 3539 Char.
923 3464 1026 3562 goth.
1043 3463 1120 3538 soll.
1134 3466 1216 3562 296.
1237 3465 1298 3538 lin.
1315 3465 1372 3562 69.
1392 3465 1415 3538 s.

531 3603 534 3606 ’
597 3603 699 3660 Editio
716 3603 786 3659 haec
803 3603 838 3658 ab
855 3601 991 3674 anulysiis
1004 3599 1164 3657 hucusdurn
1182 3620 1240 3656 non
1255 3602 1388 3658 recensita
1405 3601 1490 3656 etiam
1504 3604 1537 3656 in
1547 3601 1729 3659 Bibliotheca
1737 3605 1865 3668 Bauer-i,
1878 3603 2010 3681 ubipeus

697 3712 794 3750 omnes
809 3695 964 3770 Juuuenfis
980 3695 1153 3750 recensiones
1169 3697 1253 3750 Tom.
1269 3711 1297 3748 2.
1315 3715 1344 3769 p.
1358 3695 1416 3758 166,
1435 3709 1608 3761 occurrunt,
1627 3713 1685 3750 non
1703 3697 1855 3774 reperitur.

506 3865 614 3966 68⁵-
634 3883 671 3956 A
684 3885 842 3957 Domino
864 3883 1058 3968 Benedicto
1074 3883 1263 3981 Brugnola
1278 3909 1319 3958 ac
1338 3882 1497 3956 mirifice
1514 3881 1785 3957 concinnatum
1804 3909 1892 3957 cum
1903 3883 2011 3958 tabu-

411 4006 447 4079 la
462 4003 654 4104 prioribus
677 4001 757 4076 aliis
775 3999 985 4101 copiosiori,
998 3999 1246 4100 faciliorique‚
1259 4000 1408 4100 insuper
1420 4000 1530 4100 supra
1544 4000 1820 4074 vocabulorum
1838 4002 1911 4076 tria
1927 3993 2012 4074 mil·
2060 4067 2067 4080 ,

409 4121 460 4194 lia
479 4119 626 4204 ab,aliis
644 4119 864 4194 omissorum
883 4115 1199 4216 excerptislimus‚
1221 4143 1388 4216 quorum
1406 4116 1474 4190 tibi
1493 4116 1676 4190 iudicium
1693 4117 1849 4204 sacient,
1872 4119 2010 4216 singula

411 4252 555 4336 puncta
573 4236 721 4336 stngulis
736 4235 963 4310 dictionibus
985 4260 1054 4334 per
1079 4259 1150 4306 nos
1175 4233 1363 4334 excerptis
1382 4233 1604 4332 praeposita.
1632 4251 1802 4309 ceterum
1828 4233 2011 4308 siutilita-

410 4371 491 4428 tem
510 4351 770 4426 incredibilem
790 4352 1014 4452 cognoscere
1033 4349 1222 4437 volueris,
1241 4350 1433 4450 epistolam
1453 4354 1617 4424 nostram
1642 4352 1723 4449 lege
1744 4375 1831 4424 cum
1854 4349 2010 4450 privile·

410 4470 474 4570 gio
486 4471 649 4544 -Haec
669 4469 708 4541 in
726 4471 851 4544 fronte
868 4497 955 4544 cum
979 4467 1114 4566 Instgni
1132 4467 1284 4541 lllc'cclai
1301 4467 1560 4564 Gorgouzolcc.
1578 4453 1828 4554 -‚Eiusdem
1848 4465 2011 4566 Epistola

410 4588 475 4661 sol.
501 4587 584 4662 eod.
608 4584 801 4658 “11.-101.
827 4611 861 4659 2.
891 4586 1009 4687 usque
1037 4587 1093 4675 46.
1121 4611 1200 4658 non
1227 4582 1555 4681 liguscontinetur
1585 4581 1779 4681 registrum
1807 4582 1929 4656 lcxici.
1958 4625 2007 4639 -

412 4704 513 4779 Dein
532 4731 614 4804 pag.
638 4731 665 4776 1.
692 4703 844 4774 Nt'colai
865 4702 1003 4775 Perotti
1022 4701 1287 4800 Cornucopiae
1307 4699 1494 4798 incipiunt
1515 4742 1564 4757 -
1595 4727 1631 4800 p.
1654 4699 1756 4772 1268.
1777 4698 1839 4771 lin.
1860 4699 2010 4770 nasim-

411 4819 576 4925 preslum
599 4821 807 4898 Mediolani
822 4845 892 4921 per
915 4819 1095 4894 Ioannem
1119 4818 1278 4894 Mau'cm
1311 4815 1357 4891 de
1384 4815 1561 4892 Ferrcrti's
1581 4817 1626 4894 ad
1652 4814 1834 4915 impensas
1862 4813 2014 4888 Nicolat'
