4696 5860
378 627 425 700 att
790 643 1031 704 caratocus
1056 643 1428 704 ortuoonarmcos
1454 645 1574 704 novt.

481 817 593 916 73.-
614 821 737 894 Aureo
755 821 944 920 Postilateb
963 822 1111 896 Albertt'
1123 823 1259 924 Magni
1271 825 1310 898 in
1327 817 1641 926 Apocalyplin'-
1663 823 1725 898 iol.
1746 851 1778 897 2.
1799 828 1982 922 praelatio

387 975 429 994 -··
447 935 594 1012 Tabula
621 936 747 1013 fratris
769 938 955 1014 Bemordr'
975 939 1021 1016 de
1050 941 1085 1015 la
1111 941 1359 1042 lucemburgo
1384 943 1423 1016 in
1445 968 1599 1018 auream
1623 942 1720 1016 hanc
1738 943 1924 1034 Postillam
1937 973 1992 1018 -f

386 1051 446 1129 fot.
466 1055 499 1128 6.
519 1053 704 1156 Prologus
733 1057 810 1132 divi
827 1059 1174 1158 Albem'Magnr'—
1195 1059 1258 1134 fot.
1279 1061 1416 1136 eodem
1433 1059 1467 1135 b.
1486 1060 1670 1160 Prologus
1691 1060 1902 1133 Gilbem‘-
1920 1059 1982 1134 tot.

392 1197 443 1246 ιο.
472 1171 778 1274 Apocalyplls-
798 1173 860 1249 lol.
897 1177 973 1250 135.
1002 1175 1054 1249 lin
1089 1202 1141 1274 19.
1167 1176 1252 1249 finis
1278 1177 1392 1250 huius
1415 1203 1551 1254 aureae
1569 1176 1829 1278 poflillationis
1846 1175 1989 1250 Alberti

387 1287 522 1390 Magni
533 1289 571 1364 in
589 1290 857 1392 Apocalypllm
871 1317 941 1390 per
961 1291 1179 1390 Magistrum
1197 1291 1369 1366 Jacobum
1390 1321 1411 1368 a
1428 1294 1583 1390 Psorzm
1605 1295 1644 1367 in
1656 1288 1806 1392 Basilea
1823 1294 1986 1369 elabora·
2009 1337 2014 1348 ι

389 1423 434 1482 te.
462 1407 646 1482 Milellmo
675 1408 972 1510 quingentesimo
1000 1406 1115 1481 sexto
1142 1407 1230 1481 Deo
1255 1407 1402 1508 gratias.
1430 1409 1540 1484 Char.
1567 1411 1670 1508 goth.
1698 1428 1811 1488 notae
1833 1411 1987 1512 margin.

390 1525 465 1600 loll.
488 1523 565 1600 135.
588 1523 650 1597 lin.
669 1531 726 1612 44.
747 1531 779 1612 4.
807 1551 856 1598 ex
875 1525 1084 1598 collectione
1101 1523 1339 1598 Hcrbt'zicno.

579 1683 708 1740 Pauori
721 1681 826 1740 Annal.
847 1683 978 1759 Typogr.
999 1681 1033 1740 Τ.
1042 1679 1068 1738 6.
1086 1702 1115 1760 p.
1128 1677 1191 1738 280.
1210 1681 1247 1736 N.
1258 1693 1304 1754 41.

481 1873 537 1968 74.
548 1911 598 1928 -
609 1871 852 1944 Decretoltitm
872 1867 1031 1944 Domini
1049 1867 1174 1968 Papae
1188 1869 1358 1967 Gregorii
1368 1869 1461 1942 noni
1481 1869 1627 1944 libellus
1648 1888 1822 1946 accurata
1836 1871 1992 1972 diligen·

387 1987 437 2062 tia
453 1987 674 2064 emendatus
696 1985 921 2089 summoque
937 1987 1055 2060 fludio
1077 1983 1290 2061 elaboratus
1308 1987 1398 2061 cum
1418 1986 1690 2087 multiplicibus
1717 1985 1854 2060 tabulis
1874 2005 1911 2060 et
1932 2015 1991 2062 re-

386 2103 565 2207 pertoriis
587 2103 632 2178 ad
649 2105 825 2178 materias
845 2129 1089 2204 quascunque
1108 2101 1308 2201 diligenter
1330 2105 1574 2179 inveniendas
1595 2101 1800 2205 aptillrmis.
1817 2147 1867 2162 -
1884 2106 1988 2178 Haec

384 2222 425 2296 in
442 2221 566 2297 lronte
585 2251 633 2272 ···
651 2219 713 2296 tot.
736 2219 819 2296 eod.
838 2218 965 2319 operis
993 2217 1119 2292 brevis
1153 2222 1425 2296 commentatio
1441 2263 1492 2280 -
1509 2221 1676 2296 Robrica
1693 2267 1743 2282 -
1761 2222 1825 2296 fol.
1850 2250 1881 2296 1.
1906 2221 1992 2320 fign.

386 2336 669 2414 Prohoemium.
693 2335 756 2410 fol.
777 2337 858 2412 318.
881 2334 1216 2436 praeclarillimum
1237 2337 1484 2412 decretalium
1507 2366 1604 2438 opus
1629 2341 1804 2436 Lugdrmi
1818 2338 1995 2437 nuperri-

390 2483 452 2534 me
474 2454 693 2560 imprellum
712 2479 781 2556 per
805 2450 981 2530 solertem
1005 2452 1134 2542 virum
1151 2451 1325 2530 Jacotum
1348 2457 1465 2530 Socon
1484 2455 1809 2556 pedemontanam
1836 2455 1951 2527 Anno
1972 2481 1993 2528 a

385 2591 500 2676 portu
520 2571 678 2674 virginis
698 2569 894 2646 Milleltmo
914 2569 1215 2672 quingenteltmo
1230 2569 1334 2648 sexto
1355 2573 1415 2648 die
1431 2571 1536 2648 lexto
1553 2572 1689 2648 mentis
1708 2570 1904 2646 Februarii
1925 2585 1994 2643 etc.

391 2691 601 2794 Regitlrum
622 2689 761 2790 inllgne
778 2689 949 2786 Typogr.
967 2689 1002 2764 J.
1022 2687 1060 2763 S.
1080 2689 1229 2766 Tabula
1245 2691 1421 2764 Lndon‘ci
1433 2691 1640 2790 Bologmiu‘
1656 2732 1702 2748 -·
1722 2687 1850 2764 versus
1870 2703 1909 2762 et
1925 2687 1995 2760 Ca·

387 2809 508 2912 pitulo
524 2805 770 2882 decretalium
782 2803 846 2878 fol.
863 2803 920 2878 31.
939 2829 1018 2880 non
1036 2805 1182 2904 fign-
1200 2806 1313 2882 Char.
1330 2808 1450 2906 gotth.
1467 2808 1602 2907 glollae
1622 2833 1740 2905 marg.
1756 2806 1834 2880 loll.
1855 2805 1937 2904 349.
1956 2804 1994 2876 in

388 2939 470 2998 toto
493 2921 622 2997 liutto.
641 2919 703 2996 tot.
721 2945 796 3020 reg.

578 3081 706 3135 Panaeti
722 3075 826 3133 Annal.
845 3077 978 3154 Typogr.
996 3077 1068 3152 17.
1087 3073 1188 3154 pabit.
1207 3077 1300 3152 blm.

488 3267 603 3364 pb'-
621 3263 749 3362 Casus,
767 3265 807 3339 in
826 3263 964 3366 quibus
993 3261 1105 3336 index
1126 3262 1299 3338 secularis
1326 3267 1445 3362 potest
1470 3289 1604 3338 manus
1623 3265 1663 3337 in
1682 3265 1861 3364 personas
1883 3267 1991 3339 eleri-

389 3413 523 3464 corum
542 3359 624 3460 llne'
634 3398 737 3458 metu
757 3379 1127 3476 excomunicationis,
1139 3380 1339 3480 imponere
1358 3421 1409 3436 -
1427 3381 1474 3453 de
1483 3381 1692 3480 privilegiis
1715 3379 1994 3454 clericorum-

392 3503 438 3580 tle
457 3499 808 3600 exceptionibus-
833 3495 881 3572 de
898 3496 1113 3570 carceribus
1130 3539 1180 3556 -
1197 3497 1245 3571 de
1265 3497 1454 3571 alimentis
1473 3537 1517 3552 -
1534 3499 1639 3572 Haec
1664 3497 1706 3571 in
1724 3497 1850 3570 fronte
1867 3497 1987 3570 -lol

391 3619 528 3696 eodem
549 3617 672 3714 imago
690 3617 731 3688 B.
748 3611 918 3712 Virginis
935 3612 1137 3688 Monbe-
1154 3613 1216 3686 tot.
1239 3641 1261 3686 a
1279 3613 1467 3713 incipiunt
1486 3611 1588 3688 casus
1606 3615 1668 3688 tot.
1691 3617 1750 3687 31.
1768 3615 1835 3698 tin..
1851 3615 1912 3687 26.
1924 3640 1989 3687 ex·

392 3733 501 3836 plicit
524 3747 704 3809 uectatus
721 3729 768 3804 de
786 3727 973 3802 alimentis
996 3729 1121 3805 editus
1138 3757 1208 3832 per
1233 3717 1447 3804 Dominum
1473 3731 1689 3804 Banholum
1711 3733 1837 3830 legum
1858 3731 1989 3803 docto-

389 3864 476 3926 rem
497 3849 669 3922 Coloniae
691 3843 885 3944 imprellus
902 3869 973 3944 per
986 3870 1049 3921 me
1061 3848 1268 3922 Iohannem
1285 3847 1438 3920 Londen
1455 3865 1759 3922 commorantem
1771 3847 1870 3920 infra
1881 3849 1986 3919 XVl.

394 3965 540 4044 domos.
567 3966 682 4038 Anno
702 3959 970 4038 incarnationis
990 3963 1195 4040 Dominice
1211 3963 1488 4040 ntcccccvt.
1511 3963 1580 4038 Xl.
1601 3963 1663 4040 die
1682 3963 1914 4038 Novembris
1931 3965 1963 4038 8.

585 4119 713 4176 nunt
726 4115 830 4176 autu.
848 4119 979 4194 rme.
999 4119 1075 4178 ra
1092 4119 1197 4198 „aa
1213 4122 1253 4178 u.
1265 4117 1325 4178 no

493 4305 762 4404 76.-1nt0c
789 4307 899 4380 coln·
915 4309 1092 4381 solamine
1116 4307 1210 4382 haec
1237 4307 1501 4384 eontinentur:
1524 4309 1729 4384 Orationes
1757 4307 1821 4382 len
1849 4307 1990 4382 lermo-

395 4451 464 4502 nes
475 4467 524 4484 -
542 4423 724 4524 Epistolae
739 4463 788 4480 ·-
810 4423 949 4522 Syltae
962 4467 1013 4484 -
1028 4425 1188 4524 satyrae
1209 4465 1257 4480 -
1272 4423 1438 4522 Eglogae
1455 4467 1501 4482 -
1518 4425 1805 4525 Epigrammata
1820 4467 1872 4482 -
1886 4425 1990 4498 Haec

399 4543 438 4618 in
454 4537 579 4616 lronte
597 4540 660 4614 sol.
680 4537 763 4616 eod.
783 4537 1308 4640 Philippe‘Benulalijunioris
1323 4539 1485 4638 Epistola
1503 4541 1549 4616 ad
1566 4543 1652 4614 Ant.
1671 4543 1882 4616 Galeocmm
1894 4541 1987 4610 Pro-

397 4673 476 4734 not.
493 4659 619 4758 Apol.
630 4699 673 4716 -
689 4655 752 4730 rot.
770 4651 893 4728 sermo
909 4655 1114 4756 primus-
1127 4655 1190 4730 fol.
1209 4683 1264 4750 pa.
1284 4655 1346 4728 lin.
1368 4657 1431 4758 36..
1446 4681 1544 4756 opus
1565 4660 1676 4730 Cwln'
1692 4657 1909 4756 imprellum
1925 4653 1988 4721 Γε-

398 4777 507 4850 nean
528 4771 706 4850 mandato
734 4785 773 4848 et
800 4769 974 4872 irnpenfis
1001 4769 1102 4845 Petri
1121 4769 1372 4870 Lichtenstqs
1401 4770 1634 4848 Colonieulis
1653 4770 1848 4850 Germani.
1872 4769 1988 4842 Anno
