4694 5878
408 709 478 796 146
862 723 1104 784 CATALOGUS
1130 721 1516 784 nlnuoonarmctts.
1551 721 1721 780 MDXXX.

406 899 611 999 permultis
635 917 778 976 ornata
805 941 854 959 -·
881 901 955 1001 seq.
982 901 1165 1001 Epistolae
1192 901 1304 974 Eclni'
1320 899 1367 974 ad
1392 899 1664 974 remitendum.
1695 900 1912 999 Hungare'ae
1934 904 2009 978 Re-

410 1033 508 1114 gem.
528 1057 576 1076 -
594 1017 672 1092 foll.
692 1043 775 1092 221.
793 1017 829 1092 b.
844 1016 908 1091 lin.
924 1017 982 1091 38.
1005 1019 1181 1092 excusum
1194 1045 1236 1093 ac
1257 1016 1499 1092 Deimunere
1518 1015 1731 1092 absolutum
1747 1023 1797 1092 est
1814 1019 1890 1094 hoc
1908 1045 2007 1121 opus

411 1132 597 1233 Augustae
619 1135 900 1224 istiedele'eomm,
921 1135 960 1208 in
977 1136 1190 1208 Alexandri
1207 1131 1461 1232 Vuezffenbom
1481 1135 1712 1234 typographi
1731 1135 1908 1224 officina,
1939 1141 2015 1211 lm·

413 1252 537 1352 penfia
554 1249 707 1351 providi
725 1250 797 1326 viri
823 1252 974 1350 Georgii
987 1252 1125 1352 Krapff
1142 1252 1235 1326 civia
1259 1250 1493 1350 ingolstadii,
1519 1250 1622 1352 quod
1648 1252 1773 1353 utrisq
1804 1253 1896 1328 felix
1920 1255 2015 1330 Fau·

257 1391 261 1400 ·
406 1371 539 1468 stumq.
562 1367 614 1442 fit.
636 1368 750 1440 Armo
771 1384 968 1466 reparatae
983 1367 1107 1442 salutis
1125 1367 1438 1468 sesquimillestmo
1457 1367 1658 1466 trigefimo.
1675 1367 1788 1444 Char.
1805 1369 1865 1446 lat.
1884 1371 2013 1470 grand.

410 1483 544 1581 gloffae
564 1483 764 1582 margioll.
783 1508 866 1558 221.
881 1482 969 1582 fign.
988 1483 1029 1556 in
1050 1499 1134 1558 toto
1152 1483 1389 1586 227.1in.49.
1406 1485 1431 1557 f.

608 1644 740 1698 namn
758 1640 864 1698 Anno.
886 1643 1019 1717 rypogr.
1045 1643 1082 1698 r.
1099 1641 1126 1698 o.
1145 1641 1248 1718 pato.
1267 1637 1380 1700 not.
1401 1642 1490 1718 eaps.
1509 1644 1581 1701 na.
1599 1659 1702 1720 p.190.
1723 1643 1762 1700 Ν.
1777 1643 1804 1699 o.

1071 1869 1123 1964 n.
1142 1868 1190 1942 n.
1210 1869 1360 1944 xxxi.

346 2095 355 2110 .
506 2055 591 2145 474.
610 2049 837 2122 -Secunda
856 2045 952 2121 Pars
972 2073 1136 2148 operum
1155 2047 1274 2122 Iohan
1291 2048 1402 2122 Ecloi'
1416 2063 1550 2123 eontra
1565 2047 1762 2121 Lutherum
1780 2065 1958 2126 contenta
1974 2051 2016 2124 in

417 2165 480 2239 illa
504 2182 626 2266 parte.
653 2205 703 2222 -
726 2165 786 2239 De
805 2164 1004 2251 „Sacrificio
1031 2164 1159 2240 Missae
1184 2164 1269 2238 Lib.
1291 2169 1354 2241 111.
1374 2209 1424 2225 -
1441 2167 1500 2240 De
1517 2166 1744 2264 Purgatorio
1759 2165 1844 2240 Lib.
1861 2170 1946 2243 1111.
1964 2207 2012 2226 -

414 2281 577 2358 Assertio
598 2283 813 2383 Purgatorii
836 2281 921 2358 Lib.
939 2285 966 2355 l.
985 2283 1099 2356 -de
1122 2282 1349 2381 imaginibus
1368 2283 1556 2358 tollendis.
1576 2282 1639 2356 lib.
1663 2311 1692 2356 1.
1712 2327 1758 2342 -
1775 2282 1822 2357 ad
1839 2309 2021 2358 reveren·

415 2399 605 2479 dissimum
623 2400 776 2474 Patrem
786 2401 834 2475 D.
845 2400 1079 2474 Laurenttbm
1101 2399 1146 2471 de
1172 2401 1377 2500 Campegzi‘s
1397 2400 1436 2474 8.
1453 2401 1497 2474 R.
1517 2402 1558 2474 E.
1580 2399 1821 2475 Cardinaletn
1837 2414 1875 2474 et
1897 2401 2019 2499 Lega-

413 2533 508 2592 tum
524 2559 574 2576 -
586 2518 691 2591 Haec
718 2517 758 2590 in
776 2516 914 2592 fronte.
935 2543 1023 2590 cum
1047 2515 1176 2614 infign.
1192 2515 1460 2591 cardinalitio.
1482 2517 1731 2592 intua'1531.
1756 2532 1795 2589 et
1811 2515 1911 2592 infra
1929 2543 2018 2592 cum

384 2655 390 2668 ·
413 2635 621 2734 Privilegio
640 2634 833 2710 Caesareo.
848 2677 899 2694 -
916 2634 1077 2734 Epistola
1091 2635 1203 2708 Eclui'
1212 2634 1258 2707 ad
1272 2633 1382 2708 Card.
1402 2635 1572 2708 Laurent.
1592 2636 1635 2708 de
1655 2635 1868 2734 Campegiis.
1888 2675 1936 2690 -
1956 2633 2020 2708 fol.

417 2751 498 2827 103.
520 2751 583 2825 lin.
602 2753 660 2839 45.
687 2751 855 2849 expenfis
871 2750 1114 2825 honestorum
1135 2752 1287 2848 Georgii
1300 2749 1445 2849 Krapff
1462 2767 1500 2826 et
1522 2751 1653 2838 Iacobi'
1674 2751 1809 2824 Foclter
1827 2749 2022 2850 Bibliopo-

417 2867 541 2938 larum
562 2864 903 2963 ingolstadienfium
917 2867 970 2938 M.
981 2867 1029 2939 D.
1042 2866 1191 2939 XXXI.
1212 2866 1324 2940 Char.
1344 2866 1405 2941 lat.
1422 2866 1521 2964 gloff.
1543 2893 1661 2966 marg.
1678 2867 1739 2940 sol.
1755 2866 1833 2941 103.
1853 2867 1906 2941 lin
1919 2869 1983 2942 50.
2000 2867 2024 2942 f.

606 3022 735 3076 Panaeti
757 3019 862 3075 Annal.
890 3021 1022 3095 Typogr.
1042 3021 1078 3076 T.
1096 3021 1122 3076 6.
1149 3040 1179 3095 p.
1200 3019 1484 3095 167.·N.238.1²m
1505 3024 1759 3082 a.-seeundum
1782 3026 1927 3101 Zepfium
1944 3025 1980 3080 Τ.
1995 3040 2023 3079 2.

701 3132 731 3187 p.
743 3129 805 3187 ²9¹·
824 3113 862 3168 N.
874 3111 901 3170 6.
917 3111 1095 3187 Ingolstndii
1111 3112 1252 3186 impreffa.

511 3303 596 3398 475.
619 3341 667 3359 -
695 3300 823 3374 Oratio
839 3315 878 3374 et
896 3297 1102 3375 felicissima
1119 3298 1315 3379 Electione
1333 3297 1465 3398 inclyti
1487 3325 1530 3374 ac
1546 3299 1792 3401 potentissimi
1811 3302 1925 3400 Regis
1952 3303 2026 3374 Un-

411 3422 547 3520 gariae
568 3433 606 3493 et
623 3406 826 3498 Bohem.
845 3417 1083 3500 Ferdinondi,
1105 3415 1331 3490 Archiducia
1350 3414 1536 3511 Austn'rre,
1555 3417 1595 3490 in
1611 3442 1741 3517 regem
1758 3418 2024 3494 Romanorum
2066 3475 2068 3482 ι

423 3553 495 3611 etc.
523 3532 750 3639 Aquzsgroni
765 3533 958 3621 colonati,
982 3533 1043 3608 die
1063 3533 1132 3606 Xl.
1154 3533 1328 3609 Ianuarii.
1353 3533 1474 3608 Arno.
1492 3535 1762 3610 M.D.XXX1.
1782 3534 1935 3634 Caspare
1958 3536 2021 3607 Ur-

406 3653 499 3752 sino
513 3655 614 3728 Velio
631 3651 738 3750 regio
758 3650 945 3740 Historico
963 3649 1123 3725 Autore.
1142 3649 1426 3750 -cumgratia
1447 3666 1486 3724 et
1502 3651 1706 3752 Privilegio
1726 3652 1767 3725 C.
1777 3651 1830 3725 M.
1855 3693 1901 3709 -
1917 3651 2022 3725 Haec

415 3770 457 3842 in
481 3768 608 3844 fronte
634 3793 723 3842 cum
749 3767 864 3842 armis
898 3766 1028 3841 Electi.
1055 3805 1103 3824 -
1129 3766 1193 3841 fol.
1220 3767 1303 3842 eod.
1325 3769 1361 3841 b.
1391 3766 1556 3842 Carmen
1579 3769 1626 3843 ad
1649 3770 1795 3868 Regem
1821 3769 2020 3841 Ferdinan-

419 3889 503 3960 dum
524 3925 572 3944 -
590 3884 654 3958 fol.
670 3883 703 3958 8.
728 3884 791 3958 lin.
815 3883 868 3957 13.
894 3882 1113 3984 impreffum
1135 3885 1309 3957 Coloniae
1331 3885 1432 3984 apud
1448 3885 1688 3974 Euchmzim,
1713 3913 1801 3961 aere
1818 3901 1856 3961 et
1875 3885 2021 3986 impen-

420 4005 466 4078 fia
480 4002 622 4077 honesti
645 4001 882 4100 bibliopolae
905 4000 1059 4074 Ioannis
1072 4000 1291 4110 Hoselbergs
1305 4000 1352 4075 de
1378 3998 1488 4100 Ana,
1517 4002 1743 4099 constantien
1765 4000 1952 4078 Diaecefio
1970 4001 2026 4074 in-

422 4118 515 4194 cola
544 4120 658 4193 Anno
685 4147 707 4194 a
730 4117 875 4192 Christo
899 4132 1001 4192 nato.
1027 4117 1129 4194 1531.
1156 4101 1253 4190 icon'.
1272 4116 1406 4192 turcici
1424 4117 1583 4219 Equitio.
1598 4119 1709 4195 Char.
1727 4120 1788 4194 lat
1807 4119 1885 4192 foll.
1894 4119 1927 4193 8.
1948 4143 2027 4192 non

425 4235 512 4334 fign.
532 4235 596 4309 lin.
617 4237 677 4310 26.
690 4237 725 4311 8.

617 4393 772 4468 Inoognita
786 4391 947 4450 bucardum
965 4389 1111 4448 Analistit.

526 4579 611 4675 476.
631 4579 690 4650 De
705 4579 906 4656 Formando
922 4581 1066 4667 Studio,
1084 4580 1272 4682 Rodolphi
1286 4578 1501 4681 Agnbolae,
1523 4583 1629 4656 Eros.
1644 4581 1810 4656 Boterod.
1830 4595 1869 4654 et
1884 4577 2027 4678 Philip·

426 4697 473 4800 pi
485 4695 799 4781 Melanctttomt,
826 4697 1013 4785 rationes,
1043 4723 1133 4772 cum
1149 4697 1324 4772 locorum
1350 4698 1592 4799 quorundam
1616 4697 1749 4771 indice.
1779 4695 1952 4794 Basileae
1968 4719 2032 4769 ex·

432 4812 595 4890 cudebat
613 4814 794 4888 Henricus
820 4813 965 4890 Petrus.
996 4813 1122 4890 mense
1149 4815 1334 4912 auguro,
1365 4815 1478 4891 Anno
1506 4815 1560 4890 M.
1570 4815 1619 4890 D.
1630 4813 1780 4890 xxx1.
1799 4813 1967 4888 -Haec
1991 4811 2030 4883 in
