4706 5868
250 1561 253 1568 '
382 1558 421 1618 et
436 1544 496 1618 lat.
517 1543 576 1639 37.
593 1549 629 1630 4.

385 644 435 716 86
751 685 753 692 ·
797 663 1037 722 0222200222
1062 647 1440 721 nannocmrfflcus
1464 661 1602 719 nnxv.

383 838 544 914 studioso
561 839 694 914 lectori
714 839 878 918 salutem.
897 883 945 898 -
973 841 1158 944 Quisquis
1188 841 1292 915 1120221
1316 866 1405 914 cum
1432 839 1589 914 Graecis
1616 839 1750 912 litteris
1778 827 1991 937 probatiili-

383 982 469 1031 mos
489 983 644 1056 quoque
663 982 790 1030 mores
809 957 948 1032 discere
974 959 1100 1043 voles,
1119 958 1307 1058 hocopus
1326 958 1501 1059 perlege,
1528 956 1633 1056 quod
1651 981 1722 1029 nos
1748 955 1823 1030 iam
1837 956 1988 1055 pridem

385 1072 695 1150 Graecolatinum
715 1073 893 1160 fecimus,
914 1073 999 1149 latis
1016 1075 1204 1150 mercedis
1221 1073 1478 1160 consecuturi,
1505 1075 1529 1146 fi
1552 1077 1674 1148 nollra
1699 1099 1774 1172 ope
1806 1074 1988 1164 eruditio·

380 1217 472 1264 nem
484 1215 579 1264 ‘cum
594 1190 736 1266 virtute
764 1191 1019 1267 coniunxeris.
1038 1195 1145 1268 Vale.
1161 1194 1406 1291 Argentaraci
1416 1191 1464 1265 ad
1485 1188 1617 1266 Kalen.
1644 1191 1890 1291 Septembres
1910 1191 1988 1264 An-

380 1334 432 1381 no
454 1309 555 1381 2525.
583 1309 742 1382 Ioannes
758 1309 968 1381 Kaobloach
988 1308 1089 1384 notis
1114 1311 1233 1384 aereis
1255 1310 1415 1408 excepit.
1435 1308 1684 1406 Argentaraci.
1701 1308 1767 1382 sol.
1786 1315 1843 1396 24.
1868 1307 1931 1383 lin.
1951 1309 1985 1380 6.

380 1426 478 1502 finis.
493 1425 568 1524 leq.
587 1442 712 1502 errata
729 1467 779 1524 ·.·
800 1426 910 1500 Char.
929 1426 1059 1522 grand.
1088 1425 1197 1499 mixt
1214 1427 1292 1500 foll.
1313 1434 1370 1516 24.
1398 1450 1476 1498 000
1493 1425 1579 1526 sign.
1598 1426 1664 1500 lin.
1683 1441 1777 1500 text.
1794 1424 1919 1524 graeci
1928 1424 1985 1498 38.

575 1659 705 1714 Pomari
719 1659 973 1736 Annal.[Typogr.
994 1663 1029 1716 T.
1039 1660 1065 1716 6.
1083 1681 1111 1736 p.
1125 1619 1170 1734 7i.
1187 1661 1225 1716 N.
1235 1663 1298 1742 370.
1315 1663 1417 1718 Maia.
1443 1663 1478 1716 T.
1488 1677 1513 1715 0.
1531 1681 1559 1736 p.
1570 1635 1640 1737 296.

479 1739 562 1902 1250.
582 1867 631 1884 -
647 1831 691 1902 ln
706 1827 857 1902 laudem
871 1827 1183 1903 Reverendillirni
1204 1831 1351 1905 Albani
1364 1829 1650 1931 Archiepiscopi
1676 1826 1893 1926 Moguntini
1929 1828 1989 1898 111-

382 1943 481 2017 richi
495 1944 540 2018 de
560 1946 691 2016 Hattan
709 1945 846 2046 equitis
865 1946 1130 2046 Panegyricus.
1145 1938 1197 2005 '—
1215 1949 1319 2022 Haec
1335 1949 1374 2021 in
1394 1949 1520 2022 fronte
1537 1973 1626 2020 curn
1642 1946 1768 2042 inflgn.
1791 1945 1893 2040 Mog.
1922 1943 1986 2018 iol.

271 2119 275 2127 -
387 2063 469 2137 eod.
500 2064 535 2136 b.
556 2064 703 2162 Epistol.
732 2063 917 2162 praefatio
941 2066 1086 2138 Uiriahi
1103 2065 1152 2146 de,
1171 2067 1303 2138 Hatten
1336 2049 1474 2166 equitis
1502 2065 1549 2138 ad
1575 2061 1821 2165 Eytelnolfum
1841 2059 1895 2134 dc
1916 2061 1989 2132 La·

381 2179 536 2278 pide-
556 2181 707 2270 101124.
732 2181 917 2278 iiabiagaa
932 2182 1032 2282 apud
1055 2183 1227 2256 Thamam
1251 2181 1485 2282 Anshelmum
1505 2179 1704 2276 Bada-afim
1731 2177 1862 2254 Mense
1877 2177 1983 2250 Febr.

243 2285 245 2289 ’
382 2299 496 2373 11000
518 2299 628 2371 ΜΒ.
641 2299 728 2371 XV.
748 2298 859 2372 Char.
880 2300 941 2375 lat.
957 2300 1086 2398 grand.
1107 2301 1240 2399 gloilae
1258 2327 1376 2400 marg.
1400 2301 1477 2374 foll.
1494 2325 1576 2372 non'
1589 2299 1675 2398 sign.
1694 2304 1751 2386 24.
1772 2295 1836 2370 lin.
1853 2297 1910 2368 25.
1925 2301 1959 2382 4.

572 2438 701 2492 Panaeri
714 2437 821 2492 Annal.
838 2439 970 2514 Typogr.
988 2439 1023 2494 Τ.
1039 2435 1066 2496 8.
1083 2459 1113 2515 p.
1125 2439 1188 2514 546.
1207 2439 1245 2496 N.
1254 2439 1300 2507 37.

476 2608 558 2680 251.
577 2650 627 2666 -
648 2608 785 2706 Magni
804 2609 945 2705 Basilii
975 2607 1097 2684 celare
1123 2609 1303 2684 trinitatis
1333 2607 1605 2709 archiepiscopi
1634 2607 1681 2681 ad
1710 2620 1869 2706 nepotes
1898 2601 1983 2674 suos

375 2723 581 2821 pulchrum
601 2725 647 2798 de
665 2725 833 2822 legendis
854 2725 959 2800 libris
974 2725 1201 2801 secularibus
1218 2726 1441 2827 opusculum
1461 2725 1596 2825 incipit
1617 2722 1785 2799 feliciter.
1805 2763 1852 2778 -·
1872 2745 1982 2818 prae·

375 2838 475 2912 cedit
493 2840 681 2912 Leanardi
704 2841 854 2911 Aratini
877 2839 924 2913 ad
963 2843 1138 2914 Caluttiam
1159 2841 1359 2917 salutatum
1383 2843 1568 2941 praefatio
1589 2884 1638 2900 -
1670 2841 1733 2913 101.
1759 2839 1811 2911 13.
1839 2837 1902 2910 lin.
1921 2862 1978 2907 22.

375 2952 558 3051 impreilit
572 2955 716 3053 Lypazlr
740 2957 950 3027 Valentinus
971 2958 1162 3032 Schaman.
1183 2960 1297 3031 Anno
1319 2958 1618 3033 MCCCCCXV.
1645 2957 1755 3030 Char.
1787 2953 1915 3054 grand.
1941 2967 1980 3025 et

375 3068 515 3167 splend.
532 3069 611 3143 1011.
635 3070 689 3146 23.
707 3097 787 3145 000
806 3071 892 3168 fign.
915 3070 976 3144 lin.
995 3074 1054 3145 25.
1076 3081 1108 3164 4.

564 3209 714 3264 Panzerus
733 3209 765 3262 in
784 3207 890 3264 Annal.
910 3209 1042 3285 Typogr.
1060 3211 1095 3266 Τ.
1104 3207 1133 3266 8.
1150 3229 1179 3287 p.
1193 3207 1253 3287 289.
1275 3211 1314 3270 Ν.
1325 3213 1390 3287 509.
1409 3211 1497 3268 aliam
1514 3209 1673 3266 aditionem
1691 3229 1708 3265 a
1724 3209 1833 3266 Jacoda
1846 3207 1980 3264 Thanna

662 3299 824 3376 imprcll'am
841 3301 975 3358 recenset.
1144 3339 1150 3352 ·
1368 3349 1374 3356 .
1593 3345 1596 3352 .

470 3475 554 3546 252.
568 3513 617 3536 ι-
635 3470 822 3571 Baptistae
841 3472 1042 3547 Mantuani
1053 3473 1227 3548 Bucolica
1243 3473 1308 3549 seu
1332 3471 1580 3550 adolescentia
1600 3471 1638 3544 in
1656 3471 1788 3545 decem
1808 3465 1979 3564 aeclogas

375 3589 488 3664 divisa
507 3619 529 3662 a
547 3590 675 3664 Iadoca
692 3590 813 3664 Badio
833 3587 1004 3688 Ascansia
1017 3591 1254 3666 familiariter
1268 3591 1435 3691 exposlta
1454 3616 1542 3665 curn
1563 3587 1687 3662 indice
1706 3583 1978 3660 dictionum.-

376 3711 527 3780 Carman
548 3707 718 3781 eiusdem
737 3708 783 3782 de
799 3706 925 3782 sancto
943 3710 1035 3784 Iann
1055 3709 1219 3809 Baptista
1233 3749 1281 3766 ·-
1296 3711 1482 3808 Dialogus
1499 3706 1670 3782 eiusdem
1694 3704 1773 3780 vita
1797 3701 1977 3776 beata-
2120 3781 2126 3798 Ι

372 3827 580 3898 Hermanni
604 3821 757 3920 Buschii
776 3825 850 3900 oda
873 3825 919 3900 de
946 3818 1228 3902 contemnendo
1251 3827 1396 3902 mundo
1426 3843 1465 3900 et
1491 3824 1652 3899 amanda
1677 3823 1752 3896 sola
1769 3818 1911 3894 virtute
1938 3829 1977 3892 et

371 3941 584 4016 seientia-
601 3941 760 4015 Haecin
784 3940 910 4016 fronte
929 3969 1017 4017 cum
1038 3944 1327 4019 decallostichon
1349 3944 1556 4018 Gallaban'i
1569 3941 1779 4015 112121οηῖ-
1792 3933 1976 4034 Sequitur

369 4055 434 4130 101.
456 4060 538 4134 eod.
560 4058 594 4131 b.
612 4057 823 4132 dictionum
843 4059 966 4134 index.
986 4065 1043 4118 -‘
1052 4061 1115 4135 101.
1131 4062 1190 4158 89.
1205 4062 1268 4137 lin.
1291 4088 1344 4160 29.
1370 4062 1556 4158 Tubzagae
1574 4058 1613 4132 in
1636 4056 1790 4132 aedibus
1816 4053 1976 4126 Thomas

370 4172 567 4268 Anfhaimi
589 4171 767 4270 Badensis
791 4173 916 4250 menie
943 4177 1110 4274 Augusto
1142 4178 1249 4250 MD.
1264 4179 1352 4252 XV.
1376 4178 1441 4252 iub
1475 4179 1581 4250 illull.
1608 4173 1781 4275 principe
1810 4169 1975 4243 Vdaln'ca

369 4288 718 4386 Wurtenbergenfi.
739 4290 865 4388 inlign.
883 4308 1035 4393 typogr.
1055 4294 1166 4370 Char.
1184 4296 1313 4394 grand.
1330 4311 1369 4370 et
1384 4294 1477 4368 rnin.
1493 4294 1570 4368 1011.
1587 4291 1673 4390 lign.
1694 4315 1749 4386 71.
1768 4287 1807 4360 in
1820 4300 1904 4360 toto
1914 4283 1975 4382 89.

368 4405 430 4478 lin.
451 4405 560 4478 Text.
581 4431 640 4504 29.
663 4407 940 4498 (302020421.

559 4543 689 4598 Panaeti
719 4544 823 4602 Annal.
842 4547 973 4623 Typogr.
991 4549 1026 4604 Τ.
1036 4547 1065 4605 6.
1081 4569 1111 4625 p.
1121 4569 1165 4623 7²·
1184 4551 1223 4606 N.
1233 4545 1309 4606 3685

462 4709 544 4785 253.
565 4751 613 4766 -
633 4711 855 4785 Xenocrates
869 4713 915 4788 de
935 4717 1072 4792 Morte.
1094 4718 1197 4792 Haec
1212 4718 1250 4790 in
1264 4717 1392 4790 fronte
1410 4715 1527 4790 limbo
1546 4714 1732 4790 decorata.
1751 4708 1813 4782 iol.
1829 4733 1862 4780 2.
1880 4705 1972 4777 Pre-

366 4829 458 4904 iatio
471 4825 855 4926 Mafiatn'ciatetc.
876 4831 921 4906 ad
947 4833 1089 4909 Petrum
1110 4835 1306 4911 Mediaeam
1333 4875 1383 4894 -
1405 4831 1468 4908 fol.
1491 4859 1522 4930 7.
1542 4831 1604 4905 lin.
1627 4857 1659 4928 7.
1683 4827 1858 4928 &luanus
1884 4816 1975 4894 Oth-
