4706 5868
410 617 453 737 γὲ
529 673 533 682 ,
795 655 1033 718 caratocus
1060 653 1435 714 aranosnaenrcus
1461 655 1617 714 unxrn.

1495 767 1506 804 b

503 861 584 907 aro.
603 873 652 891 -··
669 835 854 934 Baptistae
871 836 1070 910 Mantuani
1086 835 1259 908 Bucolica
1282 835 1345 910 seu
1364 833 1611 910 adolescentia
1628 833 1666 907 in
1689 832 1818 906 decem
1838 834 2011 930 ecglogas
2088 927 2093 934 ι

410 950 524 1026 divisa
541 979 562 1026 a
580 952 709 1026 Iodoco
725 953 845 1027 Badio
866 953 1041 1052 Ascansio
1059 953 1295 1028 familiariter
1316 954 1482 1052 exposita
1501 977 1590 1026 cum
1605 950 1727 1026 indice
1748 949 2015 1024 dictionum-

410 1070 575 1144 Carmen
595 1068 765 1142 eiusdem
791 1069 837 1144 de
851 1069 977 1145 sancto
998 1071 1137 1144 Ioanne
1145 1071 1310 1169 Baptista
1324 1070 1548 1167 -dialogus
1567 1067 1738 1144 eiusdem
1764 1068 1810 1142 de
1832 1067 1910 1142 vita
1926 1069 2013 1140 bea·

406 1202 447 1260 ta
463 1228 507 1242 --
524 1187 897 1286 HermanaiBuscln‘i
908 1189 981 1262 oda
1003 1186 1049 1263 de
1069 1187 1349 1262 contemnendo
1367 1187 1511 1261 mundo
1539 1204 1578 1260 et
1601 1186 1759 1262 amanda
1776 1182 1852 1259 sola
1867 1184 2010 1258 virtute

408 1319 445 1378 et
461 1304 633 1390 scientia,
654 1331 742 1378 cum
763 1305 984 1379 decatostico
1007 1307 1210 1403 gallinarii
1223 1306 1404 1379 Budoriai
1423 1305 1461 1378 in
1482 1305 1608 1378 fronte
1624 1347 1670 1360 -
1686 1302 1758 1376 sol.
1779 1302 1837 1401 89.
1865 1301 1928 1375 lin.
1957 1302 2010 1374 18.

414 1421 598 1517 Tabmgae
610 1421 649 1492 in
672 1421 825 1496 aedibus
846 1421 1398 1520 ThomaeAnfhelmiBadeasis
1421 1423 1544 1498 mense
1563 1421 1781 1495 Februario.
1799 1419 2010 1492 M.D.Xlll.

406 1537 473 1611 sub
490 1537 617 1610 illullri
633 1537 815 1637 Principex
834 1541 1000 1614 Udalrico
1018 1539 1335 1638 Virtenbergenst.
1354 1540 1492 1638 infigne
1518 1556 1669 1640 typogr.
1694 1539 1739 1612 A.
1757 1539 1800 1611 B.
1823 1537 1932 1610 Char.
1949 1537 2012 1609 lat.

409 1653 599 1752 grandin
623 1669 730 1728 textu
749 1655 840 1730 min.
864 1655 904 1729 in
920 1683 1057 1732 comm.
1086 1658 1161 1730 loll.
1186 1686 1240 1754 7¹·
1270 1657 1355 1756 fign.
1381 1657 1420 1731 in
1437 1675 1518 1731 toto
1535 1659 1593 1757 89.
1617 1655 1680 1730 lin.
1700 1672 1790 1730 text.
1812 1682 1870 1730 22.
1896 1653 2011 1726 Com·

335 1789 342 1804 ·
408 1787 524 1844 ment.
540 1778 598 1860 42.
614 1770 712 1871 gloss.
737 1799 853 1872 marg.
872 1781 905 1863 4.

601 1912 730 1966 Paazeri
746 1911 851 1968 Annas.
869 1914 1002 1989 Typogr.
1024 1907 1098 1968 T.=8.
1118 1926 1146 1988 p.
1159 1914 1220 1986 324.
1242 1914 1279 1968 N.
1296 1871 1342 1970 ai.
1404 1983 1405 1986 Ἴ

504 2103 585 2152 211.
601 2119 652 2135 —
673 2076 1044 2179 OpasealamHenrzei
1058 2079 1454 2178 Bebelri'Justingenlis
1475 2082 1520 2155 de
1546 2079 1775 2153 institutione
1786 2102 2010 2178 puerorum,

409 2193 546 2296 quibus
567 2195 747 2282 Artibus,
767 2213 805 2272 et
821 2185 1110 2298 preceptoribus
1132 2197 1344 2273 instituendi
1364 2214 1402 2270 et
1417 2197 1590 2272 tradendi
1609 2197 1695 2284 fint,
1717 2223 1793 2270 una
1807 2223 1894 2269 cum
1905 2195 2010 2293 Apo·

407 2311 507 2410 logia
528 2328 566 2385 et
585 2312 795 2389 desenllon‘e
813 2315 980 2414 poetices
999 2333 1132 2390 contra
1151 2316 1330 2390 aemulos.
1345 2355 1395 2390 -,-
1412 2318 1517 2388 ltem.
1540 2314 1762 2415 opusculum
1788 2313 1854 2414 qui
1881 2327 2011 2386 aucto·

407 2455 469 2503 res
488 2427 636 2528 legendi
654 2429 724 2504 smt
735 2430 782 2504 ad
802 2434 1128 2532 comparationem
1148 2434 1386 2533 eloquentiae
1406 2475 1455 2490 -
1473 2431 1683 2507 Comoedia
1697 2432 1757 2505 vel
1783 2429 1912 2530 potius
1933 2427 2010 2501 dia-

404 2544 513 2644 logus
532 2546 578 2620 de
596 2547 743 2646 optimo
762 2549 880 2622 fludio
902 2547 1213 2625 scholasticorum.
1231 2594 1280 2608 -
1297 2554 1403 2625 Item.
1423 2551 1558 2626 Oratio
1578 2548 1623 2624 de
1645 2549 1806 2623 utilitate
1830 2548 2011 2646 eloquen-

404 2661 496 2748 tiae,
516 2679 554 2736 et
572 2691 670 2762 quae
685 2692 746 2739 res
769 2665 880 2741 faciat
897 2695 1039 2767 pueros
1064 2669 1297 2768 eloquentes.
1322 2710 1371 2756 .···
1395 2667 1586 2767 Apologia
1613 2684 1651 2742 et
1678 2665 1841 2740 delenslo
1869 2663 2016 2738 Bebelii

404 2795 538 2854 contra
556 2779 786 2856 adversarios
805 2781 901 2857 suos.
920 2829 965 2846 ·-
985 2785 1089 2860 Haec
1108 2785 1147 2860 in
1163 2787 1306 2862 fronte:
1325 2787 1387 2860 fot.
1411 2785 1493 2860 cod.
1514 2784 1662 2859 Bebelii
1676 2784 1838 2883 Epillola
1854 2781 1901 2855 ad
1929 2777 2012 2875 Od-

402 2898 515 2969 lerum
536 2941 583 2956 -
604 2897 823 2997 Subscripta
848 2901 1033 2998 Tubtagae
1050 2906 1115 2975 Vl.
1135 2903 1222 2976 ldus
1243 2903 1372 2977 Maias.
1398 2905 1500 2975 1506.
1520 2943 1566 2958 -
1582 2901 1645 2974 fol.
1669 2901 1701 2972 3.
1717 2899 1752 2972 b.
1771 2897 2008 2997 Apologia-

402 3014 466 3088 fot.
481 3021 539 3102 44.
559 3015 620 3106 lin.
635 3017 692 3088 30.
716 3018 955 3114 Argentorati
969 3020 1009 3090 in
1027 3017 1181 3094 aedibus
1199 3020 1460 3092 Schuren'anzs.
1494 3020 1609 3092 Anno
1640 3016 1849 3090 M.D.Xlll.
1883 3010 2008 3087 mense

406 3133 520 3230 Majo.
542 3133 654 3208 Char.
676 3134 778 3232 goth.
793 3134 946 3209 minusc.
965 3137 1040 3211 foll.
1061 3143 1119 3226 4‘4.
1142 3136 1283 3233 lin.'39.
1303 3145 1335 3225 4.
1777 3155 1779 3162 ’

598 3273 726 3328 Panaeti
743 3275 847 3329 Annal.
869 3276 1000 3350 Typogr.
1022 3277 1057 3330 T.
1076 3273 1102 3330 6.
1121 3295 1149 3349 p.
1158 3273 1203 3332 61.
1225 3275 1264 3330 N.
1275 3277 1337 3348 293.

487 3431 694 3516 ¹211.'a.-
718 3444 864 3515 Claudii
885 3442 1090 3517 Ptolomaei
1109 3443 1181 3518 viri
1201 3440 1451 3518 Alexandrini
1474 3437 1763 3514 Mathematicae
1792 3433 2004 3534 disciplinae

402 3554 620 3658 Plfllolophi
641 3557 837 3632 doctillimi
862 3561 1126 3662 Geographiae
1141 3587 1237 3661 opus
1255 3559 1451 3634 novillima
1466 3557 1705 3633 traductione
1726 3583 1745 3628 e
1766 3557 2003 3628 Graecorum

403 3673 619 3773 archetypis
648 3666 913 3774 castigatillime
941 3677 1124 3777 pressum:
1151 3679 1308 3752 caeteris
1326 3693 1412 3752 ante
1430 3677 1723 3774 lucubratorum
1750 3671 1869 3745 multo
1899 3695 2007 3768 prae-

403 3791 566 3867 llantius.
586 3787 632 3847 -'-
653 3791 729 3864 Pro
750 3793 874 3891 prima
891 3811 999 3894 parte
1014 3796 1211 3870 continens
1235 3798 1286 3870 Cl.
1304 3795 1508 3870 Ptolemaei
1525 3791 1808 3891 Geographiam
1830 3813 1900 3887 per
1916 3801 2002 3859 octo

403 3909 520 3982 libros
541 3907 739 4008 partitam,
768 3909 812 3984 ad
832 3911 1096 4012 antiquitatem
1119 3913 1245 4000 suam,
1267 3914 1412 4012 integre
1431 3929 1468 3986 et
1492 3911 1565 3985 stne
1585 3911 1662 3984 ulla
1682 3905 1939 4006 corruptione.
1960 3943 2006 3958 -

402 4028 490 4100 Una
516 4050 604 4098 cum
633 4027 834 4102 collatione
861 4027 1072 4101 dictionum
1098 4056 1320 4128 graecarum
1343 4057 1363 4103 e
1392 4030 1549 4129 regione
1575 4029 1620 4102 ad
1646 4028 1778 4102 latinas
1808 4021 2006 4096 certiffima

403 4142 589 4240 graduum
614 4144 869 4219 calculatione.
889 4187 937 4204 -
955 4146 1266 4243 Regillrationem
1287 4147 1378 4220 item
1397 4172 1537 4221 novam
1556 4145 1775 4242 regionum,
1793 4139 2005 4242 praelectu-

303 4333 306 4340 ,
401 4283 552 4345 rarum,
572 4259 787 4350 civitatum,
804 4262 1026 4348 fluminum,
1041 4263 1225 4348 marium,
1251 4266 1420 4350 lacuum,
1447 4279 1650 4363 portuum,
1674 4261 1869 4344 surarum,
1894 4255 2005 4354 oppi-

302 4479 308 4488 ,
403 4375 561 4462 dorum,
582 4376 757 4454 villarum
774 4405 815 4454 ac
831 4369 1019 4480 gentium,
1038 4382 1084 4456 ad
1101 4381 1277 4456 ordinem
1292 4381 1530 4468 chartarum,
1550 4397 1589 4454 et
1606 4380 1871 4453 columnarum
1887 4374 2005 4471 singu-

402 4493 437 4566 la
459 4491 660 4568 certillimo
676 4501 883 4572 monstrans
904 4499 1039 4574 indice.
1057 4541 1107 4562 -ι
1128 4501 1255 4597 Quam
1281 4499 1408 4573 brevis
1434 4516 1471 4573 et
1497 4497 1704 4573 doctissima
1728 4495 1897 4591 Gregorii
1917 4491 2006 4587 Lily

367 4637 372 4692 1
402 4607 638 4710 subsequitur
658 4611 849 4686 inllructio
871 4615 917 4688 de
935 4619 1172 4691 Graecorum
1187 4617 1373 4692 numerali
1396 4615 1679 4716 supputatione,
1707 4613 1746 4685 in
1761 4608 2004 4688 traductione·

403 4753 535 4826 graeca
553 4753 613 4800 res
631 4725 722 4799 scitu
742 4752 868 4802 aurex.
885 4773 934 4790 —
953 4733 1186 4808 Tabularum
1202 4735 1289 4808 dein
1308 4733 1488 4806 Auctoris
1507 4732 1641 4830 viginti
1659 4731 1803 4827 septem
1825 4723 1922 4797 ordo
1940 4719 2002 4826 hic

310 4882 313 4888 ·
402 4851 450 4920 est
470 4845 656 4924 Generale
676 4841 780 4918 orbis
792 4845 899 4943 juxta
914 4847 1204 4951 descriptionem
1220 4850 1427 4923 Ptolemaei.
1445 4849 1541 4924 Una.
1560 4849 1735 4945 Europae
1756 4840 1904 4916 tabulae
1923 4839 2001 4911 De·
2119 4871 2124 4879 ·
