4706 5868
400 640 460 728 Ι54
823 661 1063 724 eimundus
1089 663 1465 725 arnuroonarurcus
1491 669 1598 726 unx.

413 835 530 910 Anno
550 811 677 910 salutis
697 840 842 914 nostrae
865 839 1128 918 MCCCCCX.
1155 845 1199 916 ln
1218 844 1367 944 virgilie
1389 844 1504 921 sancti
1524 847 1691 922 Machina
1714 852 1866 949 apostoli
1894 853 2014 930 sortiti

413 953 497 1032 sunt
510 953 660 1030 felicem
675 955 802 1030 finem.
816 957 934 1034 Char.
949 959 1053 1060 goth.
1073 959 1151 1034 foll.
1169 987 1248 1041 non
1265 962 1352 1062 fign.
1369 963 1434 1040 lin.
1450 992 1508 1062 27.
1524 971 1559 1056 4.
1606 1061 1611 1066 1
2131 991 2136 996 ·

600 1091 705 1151 Editio
717 1095 846 1154 ranem
863 1095 987 1172 aliisque
1002 1095 1165 1158 nuendum
1180 1101 1341 1177 incognita.
1362 1159 1366 1168 ,

1114 1290 1157 1362 Μ
1181 1291 1218 1364 D
1244 1292 1313 1366 Xl.

439 1485 444 1496 ·
506 1445 584 1518 155.
602 1485 652 1502 ·-·
670 1443 1173 1548 Blondz'diaeiisorlriu'ensrk
1193 1449 1239 1524 de
1257 1450 1375 1523 Roma
1384 1449 1651 1550 'triumphanie
1669 1405 1756 1526 libri
1776 1453 1909 1528 decem
1930 1455 2013 1529 dili-

242 1559 250 1568 ’
407 1559 616 1659 gentissime
639 1562 799 1664 castigati
823 1580 861 1637 et
876 1564 941 1638 suo
958 1565 1075 1638 nitori
1085 1568 1269 1656 restituti,
1289 1570 1387 1642 utin
1403 1568 1448 1642 iia
1470 1570 1672 1669 plusquam
1691 1569 1767 1644 duo
1786 1571 1889 1646 mille
1908 1598 2013 1646 erro-

407 1703 471 1752 res
487 1679 751 1778 corrigantur:
777 1680 905 1754 Habes
922 1682 1036 1756 etiam
1049 1683 1171 1778 ⁴totius
1187 1685 1315 1786 operis
1334 1685 1498 1776 tabulas,
1519 1686 1558 1760 in
1578 1685 1716 1788 quibus
1735 1689 1864 1762 omnia
1885 1689 2014 1789 cogni-

407 1809 447 1869 ta
465 1795 665 1874 neceffaria
688 1796 787 1872 miro
805 1798 939 1872 ordine
963 1801 1098 1875 collata
1122 1803 1511 1903 comprehenduntur.
1535 1847 1585 1867 -
1612 1805 1717 1879 Haec
1743 1805 1782 1877 in
1805 1793 1945 1880 fronte.
1961 1847 2012 1864 -
2145 1867 2150 1880 .

405 1913 603 2012 praemiffa
628 1915 755 1990 tabula
784 1915 941 1990 Blendii
955 1915 1075 2008 flacii
1093 1919 1246 2020 epistola
1275 1921 1322 1995 ad
1350 1920 1455 1994 Pium
1475 1919 1680 1998 secundum
1707 1921 1943 1997 Pontificem.
1964 1963 2012 1980 --

405 2027 471 2102 fol.
496 2059 524 2106 ι.
541 2032 625 2130 fign.
642 2058 738 2132 opus
758 2034 887 2135 ipsum.
911 2079 960 2094 -
980 2019 1043 2111 fol.
1066 2037 1143 2110 123.
1166 2036 1230 2111 lin.
1254 2039 1307 2112 18.
1333 2040 1489 2112 Venetici
1513 2069 1535 2114 a
1559 2039 1728 2140 Philippo
1748 2039 1876 2112 Pr'rrcz'o
1898 2042 2007 2113 Man·
2164 2045 2167 2052 “

403 2161 516 2220 tuano
531 2176 631 2222 anno
647 2150 807 2224 Domini
823 2152 932 2226 MD.
943 2153 1011 2227 XI.
1032 2152 1186 2228 dieVil.
1198 2155 1290 2255 May
1307 2155 1450 2256 inclyto
1464 2157 1635 2232 Domino
1653 2157 2007 2262 LauredanoVene·
2060 2149 2064 2158 ¹

402 2257 544 2337 tiarum
559 2266 678 2338 Duce.
703 2267 909 2364 registrum.
928 2269 1040 2342 Char.
1058 2271 1118 2344 lat.
1145 2274 1289 2392 grand..
1301 2289 1339 2343 et
1366 2273 1506 2371 splend.
1534 2276 1602 2362 litt.
1633 2275 1712 2347 init.
1743 2273 1841 2348 ineis.
1874 2271 2008 2374 gloffae

244 2401 246 2406 ·
402 2404 518 2482 marg.
535 2382 613 2456 soll.
636 2383 713 2456 123.
733 2382 819 2482 fign.
843 2383 883 2458 in
898 2398 979 2457 toto
994 2411 1072 2484 129.
1094 2384 1119 2458 f.

589 2522 719 2578 Pauori
736 2520 840 2576 Annal.
862 2521 994 2598 Typogr.
1015 2523 1051 2580 T.
1068 2519 1096 2578 8.
1114 2533 1215 2600 12404.
1236 2523 1275 2581 N.
1286 2525 1349 2600 547.

397 2693 402 2702 ⁸
497 2713 575 2794 156,
594 2753 642 2768 —
657 2709 855 2812 Aegesrjnpi
869 2688 1372 2813 ffistonirgraphifidelissimi
1393 2729 1430 2790 et
1452 2713 1688 2792 differtiiiirni
1710 2734 1748 2792 et
1771 2716 1869 2792 inter
1894 2713 2005 2790 Chri-

395 2829 529 2903 stianos
549 2827 790 2928 antiquiffimi
809 2827 971 2904 Historia
985 2873 1033 2890 -
1050 2831 1096 2904 de
1113 2831 1211 2906 bello
1232 2833 1393 2908 Judaico
1412 2877 1461 2892 -
1485 2832 1622 2935 sceptri
1641 2833 1849 2910 sublatione
1868 2877 1914 2892 -
1935 2835 2002 2908 Ju-
2143 2873 2149 2884 ·

395 2946 579 3020 daeorum
597 2943 822 3044 disperslone
841 2989 885 3004 -
904 2961 942 3020 et
956 2947 1301 3047 Hierosolymitano
1323 2951 1471 3025 excidio
1498 2980 1520 3027 a
1540 2952 1630 3026 divo
1651 2949 1839 3047 Ambroszi)
1854 2952 2001 3025 medio·
2121 3003 2123 3006 -

376 3062 531 3158 danenii
548 3061 706 3137 antistite
730 3090 750 3136 e
781 3087 914 3161 graeca
934 3063 1050 3139 latina
1067 3064 1174 3140 facta.
1194 3091 1282 3138 cum
1306 3058 1477 3141 eiusdem
1497 3069 1769 3167 Anacephalofi
1792 3083 1831 3141 et
1853 3069 1999 3142 tabellis

393 3179 729 3278 congmentiarum
746 3203 833 3253 cum
845 3179 991 3281 Iosephi
1007 3181 1112 3254 libris
1133 3180 1314 3256 etiam'de
1330 3182 1805 3281 gestisMechaebeorum-
1822 3184 2000 3281 premiffo

394 3299 470 3396 iam
489 3297 658 3397 primum
678 3296 800 3372 indice
822 3297 1056 3398 alphabetico
1070 3296 1164 3372 ferie
1180 3298 1226 3372 ab
1247 3295 1416 3396 Ascensto
1431 3299 1589 3374 collecto
1616 3299 1743 3398 inslgn.
1768 3297 1929 3372 Ascensli
1949 3339 1996 3357 -

391 3415 497 3489 Haec
516 3415 555 3488 in
574 3414 765 3489 fronte-
784 3415 848 3487 fol.
865 3417 922 3489 82.
946 3441 1024 3488 non
1039 3415 1125 3514 fign.
1143 3415 1205 3489 lin.
1227 3416 1285 3489 23.
1309 3415 1575 3515 Parrhrszikl—
1591 3416 1717 3490 rursus
1741 3441 1841 3490 anno
1867 3413 1994 3489 salutis

392 3533 581 3606 humanae
608 3531 812 3605 undecimo
836 3531 948 3632 supra
972 3531 1025 3604 Μ.
1047 3532 1098 3605 D.
1122 3531 1168 3608 ad
1195 3527 1359 3607 tertium
1374 3531 1563 3608 Kalendas
1586 3531 1768 3607 Januarii.
1801 3533 1911 3607 Char.
1931 3533 1992 3606 lat.
2146 3591 2149 3594 .

389 3648 519 3750 grand.
543 3664 580 3722 et
598 3647 738 3746 spiend.
759 3647 892 3747 gloffae
909 3673 1025 3748 marg.
1044 3647 1121 3724 foll.
1139 3647 1229 3748 iign.
1248 3648 1361 3746 77.‘in
1377 3664 1467 3762 ¹toto
1485 3649 1543 3723 82.
1564 3649 1628 3723 lin.
1646 3651 1703 3738 46.
1725 3649 1743 3722 f

580 3787 709 3880 ranem·
728 3786 833 3841 anno.
852 3788 983 3862 rypogr.
1002 3789 1039 3845 r.
1048 3810 1074 3862 7.
1094 3808 1123 3863 p.
1133 3788 1197 3844 551.
1219 3787 1258 3844 u.
1270 3790 1335 3866 439·

487 3958 565 4054 157.
584 3997 634 4012 ·-
653 3955 791 4053 Poggr‘i
805 3954 997 4028 florentini
1019 3955 1183 4029 oratoria
1201 3955 1542 4056 praeclarissimi'ac
1558 3955 1747 4030 secretarii
1771 3959 1921 4054 apostol.
1940 3997 1991 4018 ·-··

386 4074 590 4150 Orationec
611 4072 831 4147 invectivae.
845 4071 1047 4182 Epistulae,
1066 4072 1334 4170 descriptiones
1353 4074 1538 4172 quaedam
1554 4090 1592 4148 et
1608 4072 1830 4147 facetiarum
1846 4073 1991 4148 liber-
2124 4119 2126 4129 ·

334 4187 344 4200 '
384 4187 871 4267 Haecinironte-limbo
891 4187 1005 4262 inciso
1025 4205 1224 4282 ornara-
1240 4189 1278 4262 S.
1298 4189 1597 4290 ThomEpiflol.
1619 4188 1989 4286 addebaststrant-
2062 4251 2064 4254 .
2114 4303 2119 4314 „

226 4335 236 4346 ⁸
382 4304 594 4416 subscripta
607 4305 844 4404 Argemorati
855 4303 907 4381 M.
917 4302 1043 4382 D.x1.
1063 4307 1126 4382 sol.
1139 4307 1197 4382 82.
1214 4305 1278 4381 lin.
1289 4305 1347 4381 33.
1367 4305 1452 4382 finis
1470 4306 1582 4382 Char.
1600 4307 1660 4383 lat.
1676 4305 1809 4408 gloisae
1827 4305 1986 4406 margin.

382 4422 460 4498 foll.
480 4423 539 4500 82.
559 4448 708 4498 numer.
734 4423 797 4499 lin.
817 4423 912 4514 ruf.
993 4431 995 4434 ’

485 4643 488 4650 Ι
518 4556 525 4568 ’
589 4561 865 4621 Interamnam
890 4565 922 4620 in
953 4563 1059 4622 Annei.
1086 4563 1218 4640 Typogr.
1245 4565 1281 4621 T.
1299 4563 1324 4622 6.
1350 4585 1380 4642 p.
1396 4563 1440 4622 52.
1479 4563 1517 4622 N.
1534 4559 1600 4633 218,
1623 4565 1801 4640 Argentinue
1826 4551 1982 4640 impulsae.
2140 4585 2142 4592 ⁴

668 4655 703 4708 A.
723 4653 877 4714 M.D.x1.

481 4817 558 4900 158.
577 4863 626 4884 -
648 4821 858 4896 Decretales
874 4821 1019 4900 domini
1036 4823 1324 4926 pape‘Gregorri'
1338 4821 1431 4898 noni
1456 4841 1629 4900 accurata
1649 4821 1846 4920 diligentia·
1868 4817 1987 4898 tertio
