4706 5868
747 663 989 724 oaramous
1014 659 1392 724 mnuoonlrfflcus
1419 662 1571 724 nnxlv.
1914 677 1955 750 77

355 843 478 918 lichia
497 839 626 940 Bualsi
644 837 807 944 Cyclopla'
820 843 950 922 Lanei.
962 881 1009 902 -
1026 843 1135 918 Haec'
1149 843 1189 916 in
1208 843 1393 916 fronte-
1413 842 1478 915 fol.
1498 848 1557 931 40.
1575 841 1639 916 lin.
1659 839 1718 916 36.
1736 841 1956 944 imprellum

354 961 484 1060 Lr'ptzlr
496 985 569 1059 per
583 960 878 1035 Baccalaureum
901 958 1161 1058 Walsgangum
1181 959 1490 1055 Monacensem-
1509 959 1624 1032 Anno
1642 958 1802 1034 Domini
1824 961 1960 1038 Milefi-
2039 975 2043 982 “

356 1104 422 1151 mo
441 1076 740 1178 quingentelimo
759 1076 907 1152 decimo
930 1092 1076 1178 quarto.
1091 1120 1137 1137 -
1160 1077 1271 1153 Char.
1292 1077 1396 1176 goth.
1418 1073 1572 1153 minulc.
1597 1075 1677 1152 foll.
1694 1082 1754 1166 40.
1773 1104 1853 1154 non
1871 1078 1957 1180 llgn.

356 1195 421 1270 lln.
441 1200 500 1284 44.
526 1200 560 1284 4.

546 1333 676 1390 Pamrt
696 1331 801 1388 Annei.
822 1331 953 1409 Typogr.
975 1331 1010 1388 Τ.
1021 1353 1050 1407 7.
1069 1353 1098 1409 p.
1111 1329 1173 1392 185.
1194 1333 1234 1390 N.
1244 1331 1307 1408 469.

451 1547 596 1596 aaa-
612 1521 809 1596 Aulularia
834 1520 1009 1596 Plautina
1040 1521 1312 1596 Comediarum
1338 1517 1561 1620 lepidillima
1587 1545 1685 1623 quae
1710 1521 1774 1596 etll
1798 1521 1886 1596 aliae
1905 1523 1960 1596 in-

356 1639 594 1741 completaa
613 1639 743 1714 Codro
764 1643 885 1714 Vrceo
914 1656 1043 1716 tamen
1062 1646 1111 1716 est
1127 1639 1297 1740 perlecta
1315 1665 1403 1716 curn
1421 1638 1599 1714 familiari
1618 1638 1896 1740 explanatione.
1910 1679 1959 1699 ·-
2083 1715 2097 1730 ,
2175 1695 2178 1702 -

354 1755 460 1830 Haec
486 1757 527 1830 in
551 1757 677 1833 fronte
698 1758 762 1833 lol.
788 1755 1319 1858 31.1in.2311rgemaraa·ex
1350 1757 1505 1832 aedibus
1539 1756 1803 1832 Schurerianie
1829 1757 1956 1832 Mense

353 1871 496 1949 Martio
514 1875 628 1949 Anno
651 1875 703 1949 M.
712 1875 760 1950 D.
773 1875 873 1950 xlv.
895 1902 999 1976 regn.
1024 1880 1120 1976 Imp.
1141 1876 1241 1951 Caes.
1266 1876 1592 1950 Maainu'la'ana-
1611 1875 1737 1950 index.
1759 1875 1872 1949 Char.
1897 1875 1958 1950 lat.
2023 1891 2041 1992 ’ἡ
2071 1969 2081 1980 -
2169 1947 2175 1964 ,

353 1985 417 2064 fol.
437 1979 495 2066 31.
517 1991 605 2091 fign.
621 1993 660 2068 in
679 2010 761 2068 toto
782 1993 840 2067 32.
859 1994 922 2091 lin.
941 1997 998 2067 25.
1011 1992 1137 2093 spatiis
1155 1994 1370 2093 interjectis.
1383 2001 1416 2082 4.
1434 2022 1484 2067 ea
1499 1995 1709 2069 collectione
1720 1992 1957 2067 Herbr'zaana.

546 2131 716 2190 Editionenr
732 2132 808 2188 bane
825 2132 1002 2208 splendidam
1019 2129 1128 2187 nullibi
1144 2131 1302 2188 indicatam
1319 2133 1450 2188 invenio.
1471 2133 1605 2188 Bauerua
1625 2133 1657 2186 ln
1668 2129 1763 2194 Cetei,
1779 2130 1847 2188 libr.
1865 2133 1959 2188 rario-

482 2226 490 2240 ‘
641 2243 707 2280 rum
725 2226 760 2278 Τ-
771 2227 798 2281 3.
824 2245 854 2300 p.
865 2241 927 2299 217.
946 2245 1035 2280 unam
1054 2223 1089 2279 ab
1107 2227 1192 2278 Anno
1212 2225 1293 2278 1515.
1313 2223 1448 2278 recenset.

448 2429 530 2504 223.
544 2471 590 2488 -
616 2431 758 2505 Valerii
778 2433 943 2508 Maximi
966 2433 1158 2508 dictorum
1186 2447 1224 2506 et
1246 2431 1440 2508 factorum
1461 2431 1771 2506 memorabilium
1786 2430 1872 2504 libri
1889 2457 1958 2505 no-

351 2572 457 2633 vem,
482 2545 529 2622 ad
558 2551 752 2648 exemplar
771 2549 927 2624 Alal-
945 2550 1072 2650 infign.
1103 2550 1172 2625 civ.
1193 2550 1334 2648 Argen.
1352 2589 1403 2606 --
1430 2547 1493 2620 fol.
1518 2546 1600 2621 eod.
1628 2546 1663 2619 b.
1691 2546 1959 2647 compendiosa

351 2663 431 2738 vita
458 2664 600 2736 Valerii
610 2668 825 2738 marcr'rrn'-
844 2666 907 2740 fol.
930 2668 1008 2742 183.
1038 2668 1100 2741 lin.
1132 2669 1186 2744 16.
1204 2667 1346 2741 finis-
1364 2663 1606 2762 Argentorati
1617 2663 1656 2738 in
1673 2657 1827 2738 aedibus
1841 2663 1957 2737 'Schu-

350 2781 507 2852 terranis
523 2779 650 2856 Mense
666 2782 778 2874 ssJulia
800 2785 915 2858 Anno
940 2787 992 2860 M.
1004 2785 1169 2860 D.XlV.
1188 2825 1235 2844 -
1254 2787 1373 2884 Regn.
1396 2780 1497 2858 Cael.
1517 2779 1619 2856 Max.
1642 2780 1683 2855 Ρ.
1704 2781 1726 2854 f.
1747 2781 1843 2881 Aug.
1869 2809 1957 2856 curn

351 2895 557 2996 Privilegio
581 2899 670 3000 imp.
689 2899 791 3000 apud
807 2900 1098 2978 sexennium—
1118 2903 1230 2978 Char.
1247 2903 1309 2978 lat.
1327 2901 1404 2976 foll.
1420 2901 1507 3001 lign.
1535 2899 1612 2974 183.
1634 2899 1675 2973 ln
1694 2915 1778 2974 toto
1802 2900 1955 2975 185.1in.

354 3013 411 3090 28.
434 3011 523 3118 spat.
540 3016 721 3118 interject.
749 3025 783 3110 4.
1003 3005 1007 3010 ¹

388 3228 398 3242 ·
543 3157 673 3214 Panaeri
689 3157 796 3213 Annei.
817 3159 949 3235 Typogr.
976 3161 1011 3216 T.
1029 3159 1057 3218 6.
1084 3181 1114 3236 p.
1123 3155 1168 3217 68.
1191 3159 1230 3217 N.
1245 3171 1309 3236 344.
1330 3159 1433 3218 Editio
1452 3159 1677 3238 splendidissima
1695 3175 1754 3215 tam
1773 3157 1870 3234 quoad
1888 3157 1953 3215 oha-

637 3265 709 3306 raat.
726 3267 813 3324 quarn
829 3251 967 3308 chartam.
1017 3271 1021 3279 ·

335 3437 341 3444 ’
444 3444 526 3527 224.
537 3481 584 3500 -
610 3439 739 3542 Quanti
750 3442 900 3515 Horatii
909 3442 1037 3515 Flacci
1048 3441 1265 3516 sermonum
1274 3441 1338 3516 leu
1355 3441 1565 3541 satyrarum
1582 3440 1669 3513 libri
1688 3439 1764 3511 duo
1778 3477 1822 3496 ·-
1838 3438 1953 3512 adno-

347 3553 510 3629 tationes
530 3558 738 3631 nonnullae
756 3557 796 3632 in
814 3559 914 3634 calce
934 3557 1152 3656 adjunctae,
1171 3559 1211 3632 in
1230 3557 1367 3659 quibus
1385 3558 1529 3656 aliquid
1545 3554 1772 3630 mutandum
1794 3555 1952 3628 ostendi-

343 3683 419 3758 tur,
448 3670 510 3746 vel
528 3697 596 3746 cur
621 3688 811 3748 mutatum
836 3675 896 3763 fit,
928 3675 1026 3749 ratio
1050 3673 1265 3750 ostenditur.
1288 3675 1333 3746 T.
1356 3675 1401 3747 O.
1423 3715 1474 3734 -
1498 3675 1604 3748 Haec
1626 3672 1664 3744 in
1685 3671 1868 3746 fronte-
1890 3671 1953 3744 fol.

344 3793 403 3874 44.
424 3787 488 3861 lin.
511 3816 563 3885 17.
592 3788 891 3889 Argentoratlex
915 3791 1070 3866 aedibus
1093 3791 1262 3866 Mathiae
1282 3789 1468 3864 Scharerii
1485 3789 1613 3865 Mense
1641 3787 1854 3864 Novembri
1874 3788 1954 3863 An-

343 3925 395 3972 no
412 3903 464 3974 M.
478 3903 633 3980 D.XlV.
660 3909 778 4006 Regu.
799 3908 888 4008 imp.
911 3909 1010 3984 Cael.
1030 3933 1129 3982 max.
1149 3904 1343 4008 ilfi-Aug.
1362 3907 1452 3982 P.P.
1468 3907 1632 3982 -Char
1648 3905 1708 3981 lat.
1725 3903 1853 4005 grand.
1874 3905 1951 3979 foll.

345 4022 403 4108 44.
423 4017 486 4092 lin.
500 4022 558 4094 26.
579 4023 666 4122 spat.
689 4021 904 4122 interjectis.
922 4033 956 4114 4.
983 4027 1047 4099 Ea:
1067 4026 1277 4100 collectione
1293 4025 1530 4102 Herbzkaana.

539 4159 668 4218 eamn·
681 4161 788 4218 Annal.
806 4165 939 4242 'l'ypogn
960 4163 995 4224 T.
1009 4182 1037 4240 9.
1056 4183 1085 4240 p.
1096 4163 1161 4222 365.
1182 4163 1221 4221 N.
1232 4165 1296 4238 ³45.
1323 4163 1352 4221 b.

443 4349 586 4422 225.-
607 4350 799 4426 Orationes
814 4354 859 4427 R.
880 4351 920 4428 P.
939 4353 987 4426 D.
1007 4354 1181 4428 Mercurii
1201 4353 1348 4454 Viperae
1369 4351 1628 4427 Beneventani
1641 4351 1763 4425 Rotae
1779 4347 1948 4423 laoriPa-

348 4459 427 4536 latii
448 4463 631 4540 auditoris
648 4483 686 4543 et
702 4466 826 4545 sacrae
840 4462 1133 4546 Penitenti'ariae
1151 4471 1403 4570 Regentis.-
1418 4469 1523 4544 Haec
1535 4469 1573 4543 in
1584 4469 1711 4543 fronte
1723 4510 1773 4526 -
1788 4466 1852 4540 fol.
1869 4467 1951 4542 eorl

349 4580 386 4654 b.
403 4581 528 4656 Frane.
547 4584 708 4686 Aquilae
723 4587 983 4664 Beneventani
1002 4589 1165 4688 Epistola
1181 4589 1231 4664 ad
1246 4589 1405 4687 Leonem
1424 4589 1470 4662 X.
1482 4629 1526 4646 -
1551 4587 1615 4662 fol.
1641 4587 1698 4660 31.
1718 4585 1783 4661 lin.
1805 4584 1858 4658 18.
1875 4583 1952 4656 im-

349 4697 492 4798 prellae
509 4700 650 4778 Romae
669 4704 710 4776 in
739 4705 895 4804 regione
917 4706 1098 4781 Perconis
1118 4733 1190 4807 per
1210 4706 1430 4806 Magistrum
1449 4705 1666 4804 Stephanum
1694 4703 1890 4778 Gua'lleren'
1905 4701 1951 4776 de

350 4817 496 4896 Lunari
516 4823 606 4898 rr'lla
630 4823 813 4903 Tullenlle
841 4823 995 4902 diocells
1018 4841 1056 4904 et
1071 4825 1280 4922 Herculem
1307 4823 1420 4901 Nanii
1445 4823 1565 4900 locios
1585 4822 1646 4902 die
1661 4821 1797 4898 ultimo
1815 4817 1951 4894 Menfis
