4706 5868
354 623 398 708 74
737 635 977 694 catatocus
1003 633 1378 694 mntloonarntcus
1404 637 1555 694 unm.

348 805 401 880 ru
419 805 467 881 n.
486 807 592 884 xrv.
619 763 737 885 rso.
763 813 881 911 nege
908 837 1032 910 magn.
1060 816 1155 914 rmp.
1181 813 1337 888 caesare
1359 813 1623 889 marmium
1649 830 1716 890 ec.
1755 816 1865 892 cher.
1895 820 1957 893 tat

349 924 479 1020 grand.
499 925 576 999 soll.
593 927 651 998 23.
672 927 759 1024 fign.
776 928 839 1002 lin.
852 927 910 1002 32.
930 934 964 1017 4.

546 1065 675 1120 ramere
691 1047 797 1123 tien.
825 1067 958 1142 rypoge
986 1067 1021 1122 r.
1039 1065 1065 1123 6.
1091 1085 1121 1144 p.
1138 1066 1182 1142 ⁶⁷·
1212 1068 1249 1125 nt.
1267 1069 1333 1142 534.
1458 1101 1461 1108 ,

452 1231 534 1304 213.
552 1271 599 1290 -
626 1235 669 1305 ln
681 1233 759 1307 hoc
775 1260 892 1332 opere
904 1233 998 1311 haec
1016 1233 1278 1310 continentur:
1296 1237 1410 1311 Nova
1426 1239 1622 1313 translatio
1634 1239 1749 1340 primi
1769 1239 1855 1314 libri
1874 1267 1964 1340 geo-

351 1348 532 1447 graphiae
554 1351 605 1424 Cl.
623 1349 848 1424 Ptolomaei:
867 1378 963 1451 quae
981 1353 1137 1451 quidem
1153 1353 1351 1428 translatio
1363 1355 1546 1429 verbum:
1565 1357 1680 1431 habet
1698 1385 1719 1432 e
1734 1357 1854 1431 verbo
1874 1358 1965 1432 fide-

352 1465 440 1540 liter
459 1465 687 1565 exprellum:
715 1469 856 1542 Ioanne
881 1468 1034 1543 Vemera
1062 1469 1371 1570 Nareabergeaa,
1405 1471 1625 1572 interprete.
1648 1517 1698 1532 -·
1733 1477 1777 1546 ln
1799 1473 1964 1549 eundem

352 1580 525 1682 primum
542 1581 685 1658 librum
703 1584 956 1684 geographiae
978 1587 1029 1658 Cl.
1048 1583 1271 1658 Ptolomaei:
1290 1605 1523 1686 argumenta.
1541 1579 1807 1690 paraphrases,
1824 1591 1963 1690 quibus

357 1697 464 1770 idern
482 1697 579 1772 liber
593 1726 664 1799 per
681 1699 898 1776 sententias:
918 1727 960 1775 ac
973 1699 1191 1780 summatim
1204 1705 1438 1803 explicatur:
1455 1723 1495 1779 et
1505 1707 1775 1782 annotationes
1798 1707 1969 1782 eiusdem

358 1814 513 1888 loannis
534 1817 688 1892 Verneri.
713 1861 758 1876 -
778 1817 947 1892 Libellus
967 1817 1013 1891 de
1033 1834 1198 1917 quatuor
1215 1836 1408 1896 terrarum
1427 1821 1532 1896 orbis
1550 1821 1589 1894 in
1606 1824 1720 1922 plano
1733 1825 1967 1922 figurationi·
2034 1811 2038 1816 ’

356 1932 428 2004 bus
448 1932 494 2006 ab
516 1933 653 2008 e'odem
664 1934 804 2008 Ioanne
820 1936 970 2008 Vemero
989 1933 1187 2011 noviffime
1211 1939 1417 2039 compertis
1430 2003 1433 2013 .
1446 1955 1485 2014 et
1504 1939 1724 2014 ennarratis.
1745 1984 1795 1997 -
1822 1942 1878 2012 Ex
1895 1941 1970 2016 fine

356 2049 505 2152 septimi
522 2051 608 2124 libri
625 2051 795 2126 eiusdem
814 2053 1066 2153 geographiae
1090 2056 1140 2127 Cl.
1162 2053 1368 2127 Ptolomaei
1388 2053 1500 2156 super
1523 2056 1635 2154 plana
1650 2073 1842 2131 terrarum
1860 2057 1964 2130 orbis

357 2166 611 2268 descriptione
628 2195 649 2241 a
665 2165 794 2267 priscis
812 2168 977 2242 instituta
996 2171 1234 2271 geographis.
1261 2171 1389 2246 Locus
1409 2171 1582 2272 quidam..
1592 2201 1693 2248 nova
1710 2163 1970 2249 translatione.

357 2285 597 2387 paraphrasi:
613 2300 651 2359 et
672 2285 979 2362 annotationibus
998 2285 1232 2388 explicatus:
1260 2315 1376 2390 quem
1403 2289 1616 2363 recentium
1636 2291 1969 2390 geographorum:

297 2387 302 2394 ⁴
357 2420 403 2478 ut
421 2403 591 2505 ipsorum
610 2402 648 2476 id
664 2429 757 2502 pace
774 2403 906 2478 dicam.
933 2428 1049 2480 nemo
1068 2404 1267 2506 hucusque
1292 2407 1375 2481 sane
1398 2429 1441 2479 ac
1463 2404 1682 2481 medullitus
1706 2407 1901 2481 intellexit
1922 2447 1971 2464 ·-··

356 2523 418 2597 De
440 2520 499 2595 his
516 2547 614 2621 quae
631 2520 883 2622 geographiae
907 2521 1046 2596 debent
1058 2521 1197 2596 adesse:
1222 2524 1372 2623 Georgii
1387 2523 1576 2596 Amerucii
1591 2523 1971 2624 Constantinopolita-

356 2639 397 2712 ni
420 2637 654 2738 opusculum.
675 2681 726 2696 —
743 2640 787 2712 ln
803 2637 905 2712 idern
924 2638 1076 2736 Georgii
1091 2638 1275 2713 Amirucii
1295 2641 1529 2739 opusculum.
1552 2642 1706 2715 loannis
1728 2643 1877 2714 Vemen'
1890 2641 1971 2740 Ap-

358 2754 549 2854 pendices.
570 2797 620 2812 ·-
636 2754 790 2827 laaam's
805 2753 851 2828 de
871 2755 1109 2852 Regrbmoate
1124 2755 1286 2856 epistola.
1306 2757 1353 2830 atl
1369 2757 1735 2833 Reverendillimum
1755 2777 1906 2860 patrem
1933 2774 1972 2831 et

330 2903 338 2922 *
360 2872 563 2945 dominum
581 2867 831 2966 Beffartbaem
853 2869 1093 2946 Cardinalem
1114 2873 1322 2962 Nicenum,
1355 2903 1397 2948 ac
1423 2876 1881 2975 Constantinopolitanum
1904 2903 1971 2974 pa·

360 2987 569 3061 triarcham
587 2987 633 3061 de
651 2985 925 3085 composltione
945 3004 983 3061 et
1002 2987 1069 3063 usu
1086 2990 1284 3066 cuiusdam
1302 2993 1603 3094 meteorofcopii.
1623 3035 1672 3049 -
1691 2991 1871 3068 Caesarea
1887 3018 1973 3066 cau·

358 3121 445 3178 tum
466 3109 513 3178 est
531 3102 736 3177 sanctione:
756 3127 805 3176 ne
824 3103 1027 3206 quisquam
1043 3105 1117 3180 hoc
1137 3133 1233 3207 opus
1250 3106 1350 3181 inira
1364 3106 1555 3208 sexaginta
1568 3136 1706 3182 annos:
1725 3125 1879 3208 praeter
1894 3134 1971 3182 ma·

359 3222 536 3297 nilestum
553 3219 700 3322 opificis
717 3218 937 3296 consensum
958 3221 1154 3323 imprimat
1172 3241 1236 3299 aut
1255 3225 1428 3298 distrahat
1446 3223 1512 3297 sub
1527 3223 1633 3322 gravi
1650 3225 1811 3297 mulcta:
1839 3225 1878 3296 in
1894 3227 1973 3295 lm·

360 3339 570 3442 perialibus
585 3338 644 3412 his
662 3337 797 3412 litteris
818 3339 994 3440 expressa.
1015 3381 1061 3396 —
1078 3341 1184 3416 llaec
1204 3341 1242 3414 in
1261 3340 1398 3417 fronte.
1417 3381 1464 3398 ·-
1490 3340 1553 3412 fot
1574 3338 1657 3412 eod.
1680 3338 1715 3411 b.
1741 3339 1869 3411 Privil.
1899 3339 1969 3410 im-

363 3455 471 3559 prell.
489 3455 749 3530 Maximillam
760 3459 856 3558 Imp.
872 3497 922 3516 ·-
936 3457 1000 3530 fot.
1020 3485 1051 3530 2.
1074 3459 1239 3558 Epistola
1265 3459 1356 3531 loen
1379 3457 1527 3530 Veraeri
1538 3453 1801 3553 compositoris
1818 3453 1863 3528 ad
1880 3454 1973 3550 Car7

365 3574 532 3650 dinalem
548 3572 734 3649 Matheum
751 3592 820 3650 etc.
838 3617 888 3633 -
907 3574 971 3648 fol.
990 3582 1022 3663 4.
1044 3575 1134 3674 Cap.
1157 3579 1182 3646 l.
1201 3615 1248 3630 —
1263 3574 1325 3646 fol.
1345 3575 1402 3646 68.
1431 3573 1493 3645 lin.
1513 3599 1545 3668 9.
1571 3572 1726 3672 explicit
1746 3572 1972 3672 geographi-

366 3717 439 3767 cust
450 3690 513 3764 hic
532 3689 646 3778 liber,
664 3717 734 3790 per
751 3691 862 3790 ipfius
876 3691 1176 3791 compositorem
1192 3707 1304 3790 atque
1322 3715 1391 3788 per
1414 3690 1613 3762 Caaredam
1624 3685 1830 3788 Harhsogel
1843 3713 1974 3786 recog·
2106 3709 2110 3722 ·

366 3808 482 3884 nitus.
501 3847 548 3868 -
567 3832 733 3881 necnon
750 3835 772 3881 a
790 3808 930 3882 launna
945 3808 1073 3882 Stachs
1089 3807 1356 3904 Nurembergaa
1374 3804 1570 3904 imprellus
1595 3805 1710 3879 Anno
1728 3806 1887 3880 Domini
1905 3831 1973 3878 no-

367 3925 429 4000 tri
448 3927 536 4000 Jesu
564 3923 699 4028 Christi
724 3922 909 3998 Milefimo
937 3923 1236 4026 quingentefimo
1260 3922 1408 3997 decimo
1434 3938 1589 4023 quarto..
1610 3922 1733 4023 pridie
1758 3949 1878 3997 nonas
1898 3923 1977 3996 No·
2076 4021 2081 4028 ¹
2168 3965 2172 3973 ·

365 4043 535 4117 vembris
550 4042 675 4141 phebe
697 4041 742 4115 ad
759 4041 869 4116 Jovis
884 4042 1179 4118 contubernium
1195 4039 1394 4116 defluente.
1416 4039 1527 4115 Char.
1545 4039 1605 4114 lat.
1630 4066 1715 4116 cum
1734 4039 1881 4154 liguris.
1898 4039 1975 4115 foll.

369 4183 448 4231 non
471 4157 555 4256 llgn.
579 4159 636 4230 68.
653 4157 716 4234 lin.
735 4159 791 4231 55.
811 4158 835 4231 s.

564 4295 691 4351 Panaeti
708 4296 812 4351 Annnl.
835 4295 967 4372 Typogr.
989 4297 1023 4352 T.
1033 4317 1060 4370 7.
1082 4316 1110 4372 p.
1121 4297 1185 4370 454
1203 4296 1242 4353 N.
1260 4307 1321 4369 ²⁰4·

467 4469 549 4551 214.
567 4502 618 4518 -
635 4465 679 4536 ln
695 4463 770 4536 hoe
789 4463 985 4538 volumine
1004 4465 1097 4538 haec
1122 4463 1377 4538 continentur.
1402 4463 1673 4537 Rhetoricoram
1702 4463 1748 4536 'ad
1776 4465 1812 4536 C.
1828 4463 1974 4534 'Heren-

372 4581 471 4654 nium
490 4579 551 4650 lib.
570 4581 627 4651 lV.
643 4619 694 4636 -
709 4579 762 4653 M.
780 4579 825 4650 T.
846 4582 1027 4654 Ciceronis
1046 4580 1091 4654 de
1109 4579 1340 4654 inventione.
1356 4580 1417 4653 lib.
1434 4582 1469 4651 ll
1497 4621 1547 4638 -
1561 4577 1739 4654 Eiusdem
1759 4580 1805 4654 de
1825 4595 1977 4652 oratore
2061 4640 2068 4647 .

375 4696 422 4773 ad
448 4693 614 4798 Qut'rttum
632 4695 891 4768 fratrem'litt.
909 4701 972 4771 lll.
999 4739 1037 4756 -
1069 4697 1250 4772 Eiusdem
1276 4697 1322 4770 de
1350 4695 1459 4769 claris
1486 4697 1721 4788 oratoribus,
1750 4675 1815 4796 qui
1842 4693 1980 4764 dicitur

375 4812 609 4894 Brutus.··lib.·
624 4815 651 4886 l.
670 4853 715 4872 -
735 4811 916 4888 Eiusdem
934 4813 1077 4890 Orator
1101 4814 1147 4892 ad
1169 4815 1327 4888 Brutum.
1351 4811 1413 4888 lib.
1430 4814 1458 4888 l.
1485 4853 1535 4873 -
1559 4809 1738 4888 Eiusdem
1761 4808 1907 4908 Topica
1932 4807 1977 4880 ad
