4696 5860
496 1201 967 1428 ceremon&
1012 1282 1764 1397 omnloonlrfflooa

322 1554 646 1632 LIBRORUM
679 1549 1052 1658 LATINQRUM
1086 1549 1352 1626 SAECULI
1388 1553 1415 1625 1.
1449 1551 1932 1665 TYPponAPfflcr.

1035 1729 1217 1809 M.1).1.
1259 1794 1265 1806 .

323 2057 350 2102 ι.
366 2069 416 2086 -
486 2041 592 2116 extus
619 2025 746 2098 veten's
770 2020 1174 2122 artoS.1sagogarum
1193 2019 1382 2122 Porphr'n'i
1402 2021 1779 2122 predicamentorum
1791 2027 1928 2126 Austo-

314 2147 399 2219 telis
417 2143 523 2218 flmul
547 2169 637 2217 cum
654 2140 802 2216 duobus
818 2140 923 2214 libris
938 2139 1238 2212 Perihennenias.
1255 2136 1436 2214 eiusdem.
1455 2141 1607 2216 *item
1619 2143 1837 2220 Exercitata
1854 2145 1925 2219 cir·

319 2289 362 2338 ca
383 2262 470 2346 hoc,
494 2259 700 2335 secundum
721 2259 934 2334 doctrinam
957 2256 1234 2336 modernorum
1260 2255 1418 2331 collecta
1444 2275 1482 2335 et
1505 2258 1602 2333 bene
1634 2261 1832 2336 emendata
1854 2289 1926 2363 per

317 2377 576 2457 venerabilem
597 2377 724 2452 virum
749 2375 969 2476 Magistrum
993 2373 1200 2450 Johonnem
1222 2372 1399 2446 Parreudt
1425 2361 1549 2450 sacrae
1571 2376 1706 2450 Theol.
1728 2379 1927 2453 Baccalau-

315 2524 424 2572 reum
442 2496 650 2570 formatum
668 2493 708 2566 in
731 2491 972 2567 universitate
993 2487 1312 2588 ingolstatenfi.—
1329 2489 1434 2563 Haec
1451 2491 1491 2563 in
1506 2490 1769 2566 fronte-fol.
1790 2495 1927 2568 eodem
2007 2575 2017 2591 x

315 2614 479 2713 Epistola
494 2613 542 2686 ad
559 2609 871 2685 adolescentes-
887 2607 934 2682 ad
948 2608 1063 2680 finem
1091 2603 1155 2678 fol.
1179 2603 1257 2678 130.
1282 2604 1345 2679 lin.
1363 2606 1416 2679 13.
1441 2608 1657 2683 Exercitata
1676 2610 1817 2684 veteris
1836 2611 1926 2684 artis

315 2756 390 2830 que
405 2726 490 2802 lunt
510 2728 660 2826 ll'agoge
676 2724 1159 2832 Porphz‘rri‘pretlicamenta
1179 2720 1386 2818 Austoteltir
1404 2749 1491 2797 cum
1504 2723 1654 2800 duobus
1673 2727 1778 2802 libris
1798 2743 1927 2802 ete.-

316 2843 538 2945 imprellum
549 2869 620 2945 pcr
637 2839 861 2916 industrium
871 2841 999 2918 virum
1009 2839 1203 2912 Henn'cum
1218 2839 1316 2913 Gran
1329 2840 1369 2913 in
1385 2839 1572 2942 imperiali
1589 2843 1705 2943 opido
1717 2847 1925 2944 Hagenowe

313 2979 352 3038 et
379 2961 553 3063 impenfis
585 2987 628 3036 ac
656 2959 868 3059 sumptibus
895 2956 1048 3060 providi
1077 2957 1416 3059 circumspectique
1431 2959 1528 3056 ,virij
1545 2960 1731 3036 Johanm‘s
1754 2963 1925 3066 Rynmon

310 3080 450 3154 liniunt
468 3078 628 3153 feliciter
649 3077 763 3150 Anno
785 3075 911 3170 salutis
937 3076 990 3150 Μ.
1015 3075 1064 3150 D.
1091 3078 1117 3149 l.
1144 3075 1282 3152 ultimo
1306 3076 1367 3151 die
1387 3076 1553 3177 Augulli.
1579 3079 1691 3156 Char.
1715 3079 1819 3180 goth.
1845 3081 1922 3156 soll.
1990 3119 1994 3124 ·

317 3197 395 3270 130.
415 3221 495 3270 non
512 3195 598 3294 fign.
617 3196 680 3270 lin.
705 3195 762 3292 39.
782 3199 815 3284 4.

502 3334 670 3390 Exercitata
696 3331 769 3388 haec
794 3332 990 3392 Moittoirr'o.
1026 3329 1147 3404 Denifio
1176 3346 1204 3386 ct
1228 3330 1361 3387 emero
1381 3333 1532 3408 incognito
1557 3333 1637 3390 tuitra
1654 3335 1814 3396 videntum
1849 3357 1917 3392 nus·
1995 3369 1998 3378 ι

469 3431 471 3436 '
592 3445 678 3499 quam
700 3421 777 3479 enim
794 3423 927 3478 recensita
943 3419 1068 3477 luerunt.
1519 3409 1523 3416 ’

403 3624 498 3670 2.-
519 3593 620 3697 Quae
642 3593 683 3666 in
700 3590 771 3666 hoc
788 3591 881 3665 libro
901 3590 1135 3666 conticentur.
1168 3579 1311 3665 sedulo·
1331 3589 1564 3666 mirabilium
1591 3592 1812 3670 divinorum
1834 3597 1923 3672 libri
2040 3615 2046 3624 '

310 3729 475 3812 quatuor
493 3711 661 3789 carmine
685 3708 914 3784 heroico-
931 3709 1104 3782 Erirsdom
1126 3707 1274 3804 Elegia,
1303 3706 1342 3778 in
1362 3733 1438 3808 qua
1458 3707 1543 3784 finis
1560 3714 1790 3810 pentametri
1810 3719 1859 3790 ell
1878 3715 1922 3788 fi-

308 3828 407 3904 milis
427 3829 618 3929 principio
632 3826 916 3904 hexametri-
927 3827 1099 3924 Ericsdem
1110 3821 1278 3919 hymnus
1297 3821 1343 3898 de
1358 3823 1496 3921 Cbnsto
1512 3827 1559 3900 ab
1576 3827 1846 3917 incarnatione,
1864 3834 1921 3908 us-

306 3971 380 4044 que
397 3945 443 4018 ad
464 3943 939 4018 anemonen-Juvenal
951 3941 996 4012 de
1016 3937 1241 4038 Evangelica
1255 3939 1407 4016 historia
1423 3943 1510 4016 libri
1532 3962 1768 4045 quatuor.·-·
1788 3948 1919 4022 Arato-
2039 3947 2042 3954 ’

308 4063 360 4134 rr's
386 4059 585 4134 cardinalis
610 4058 782 4138 historiae
803 4054 1041 4156 Apostolicae
1069 4055 1157 4130 libri
1180 4055 1266 4130 duo.
1287 4101 1337 4114 -
1358 4058 1717 4145 ProboeFolcom'ae
1738 4081 1850 4139 cento
1871 4093 1919 4140 ex

316 4178 474 4277 Vergilio
493 4176 539 4250 de
560 4201 663 4252 novo
681 4192 718 4250 et
729 4175 850 4250 veteri
867 4177 1099 4249 testamento.
1113 4215 1165 4232 -
1179 4175 1336 4250 Homero
1353 4193 1492 4262 centra,
1512 4179 1586 4252 hoc
1605 4185 1653 4254 est
1673 4199 1853 4257 centones
1872 4211 1919 4258 ex

311 4293 484 4369 Homero
502 4320 634 4392 graece
654 4319 742 4368 cum
757 4291 1072 4391 interpretatione
1090 4291 1277 4368 latina.—
1289 4289 1496 4392 Opusoulum
1511 4296 1558 4368 ad
1569 4297 1919 4376 Annunciationem

311 4412 447 4488 beatill.
466 4410 637 4510 Virginis
656 4435 789 4510 graece
808 4435 897 4485 cum
913 4408 1030 4484 latino
1047 4409 1087 4484 in
1105 4407 1235 4484 medio
1254 4410 1543 4512 quaterniorum
1563 4415 1807 4492 omnium-
1825 4421 1918 4494 Luc-

312 4531 616 4614 tannti'nm'oni
628 4528 675 4604 de
695 4527 984 4604 Resurrectione
1001 4525 1199 4624 Elegia-
1214 4527 1387 4602 Ericsdem
1411 4529 1458 4604 de
1477 4529 1642 4630 pollione
1656 4534 1817 4609 Domini
1835 4532 1916 4612 car-

314 4651 416 4726 mine
438 4647 605 4724 heroico.
632 4687 681 4706 -
708 4649 906 4747 Cypn'anus
930 4643 977 4722 de
995 4644 1098 4744 ligno
1116 4645 1237 4720 crucis
1259 4643 1369 4720 versu
1386 4647 1554 4725 heroico.
1578 4691 1626 4708 -
1655 4653 1837 4753 Cyphemz'
1853 4655 1916 4729 de·
1982 4669 1984 4674 ’

315 4765 527 4865 precatoria
540 4765 588 4840 ad
609 4764 810 4867 Virginem
826 4762 964 4864 Elegia.
983 4801 1030 4822 -
1051 4763 1175 4838 Oratio
1192 4762 1239 4838 ad
1258 4762 1416 4842 eandem
1426 4765 1535 4842 versu
1552 4767 1915 4845 heroico-Sancti

418 4884 491 4958 Vol.
509 4883 559 4958 11.
1497 4885 1531 4956 Α
