4706 5868
368 627 417 726 98
770 653 1012 716 caranoous
1039 639 1608 726 arsurosrtsrnrcus,unxvrr.

368 845 413 896 ca
427 819 502 898 hoc
521 829 582 916 cll,
600 829 762 930 elegans,
784 833 907 922 docta,
925 850 964 910 et
983 834 1081 908 mire
1097 834 1266 910 eandida.
1284 834 1387 934 apud
1400 833 1485 907 incl.
1505 848 1584 906 tam
1598 829 1856 930 804212012-
1873 829 1977 906 Haec

373 935 558 1020 in'fronte
569 946 687 1022 limbo
706 950 820 1026 inciso
836 952 1164 1030 adornata-fol.
1186 951 1270 1026 eod.
1291 952 1328 1026 b.
1348 951 1511 1052 Epistola
1528 945 1676 1045 Erosmi
1689 947 1922 1023 Rotcrodomi
1935 934 1983 1024 ad

371 1059 518 1138 Guilrisl.
538 1065 732 1163 Nostrum:
758 1067 966 1173 subscripta
980 1073 1198 1172 Antoerprire
1217 1071 1317 1145 Non.
1336 1071 1441 1169 Sept
1464 1069 1566 1142 1516.
1584 1110 1630 1126 -·-
1650 1067 1735 1140 finlt
1754 1066 1831 1140 foll·
1849 1073 1925 1140 1'22·
1943 1066 1979 1140 b·

371 1201 461 1252 cum
486 1179 614 1282 infign.
639 1199 791 1285 typogr.
814 1205 853 1263 et
879 1189 980 1264 infra
1003 1191 1171 1287 Basilice
1196 1185 1298 1287 apud
1325 1185 1537 1261 Frobemism
1565 1183 1691 1258 manle
1716 1184 1841 1284 Aprili
1866 1185 1980 1258 Anno

374 1293 427 1370 M.
439 1296 487 1373 n.
497 1297 622 1375 xv11.
649 1281 762 1378 chal.
783 1306 843 1378 lat.
862 1305 992 1404 grana.
1013 1306 1091 1380 rou.
1109 1305 1195 1402 agn.
1219 1329 1296 1376 122.
1317 1303 1381 1376 rin.
1403 1328 1460 1400 29.
1486 1308 1520 1390 4·

569 1439 713 1497 rammi
730 1441 835 1499 Annei.
854 1445 987 1519 Typogr.
1005 1443 1041 1499 T.
1058 1442 1085 1498 6.
1102 1461 1130 1518 p.
1148 1459 1211 1496 200.
1229 1441 1267 1496 N.
1287 1436 1349 1496 283.
1375 1441 1476 1496 Malu.
1496 1439 1532 1494 Τ.
1543 1451 1572 1501 2.
1589 1457 1619 1514 p.
1630 1453 1694 1514 292.

472 1605 555 1680 285,
572 1647 623 1665 -
647 1607 1092 1710 Quamorprecipuorum
1108 1606 1515 1706 doctorum'Augustim‘
1526 1605 1986 1710 lcilicetHzisronymiAm-

378 1717 492 1817 brosii
503 1736 542 1796 et
562 1723 736 1821 Gregorii
751 1741 884 1800 contra
904 1742 1070 1826 quatuor
1088 1725 1251 1801 hostium
1268 1749 1427 1823 genera,
1451 1725 1723 1803 Hereticorum
1744 1725 1901 1812 scilicet,
1917 1725 1986 1798 Ju-

379 1835 561 1925 deorum,
580 1839 793 1917 Gentilium
808 1857 846 1916 et
858 1843 1082 1918 Demonum
1098 1842 1289 1917 ecclefiam
1311 1841 1577 1942 ipungnantia,
1603 1843 1783 1943 opuscula
1802 1844 1874 1918 live
1899 1841 1987 1942 Epi-

379 1953 492 2028 llolae
517 1971 693 2054 quatuor.
711 1999 759 2018 ·-
775 1959 937 2034 Haecin
966 1959 1092 2034 fronte
1112 1951 1201 2032 cum
1221 1959 1329 2034 icone
1348 1974 1484 2059 typum
1507 1959 1680 2036 ecclesiae
1705 1959 1988 2060 repracsentan-
2064 2015 2066 2018 -

381 2085 430 2144 te.
446 2065 497 2130 -'-
514 2071 577 2144 101.
602 2073 736 2148 16.lin.
763 2075 816 2149 13.
840 2077 988 2178 Lopseue
1007 2077 1047 2150 in
1062 2075 1216 2152 aedibus
1243 2077 1431 2150 Valentini
1452 2075 1634 2152 Schumem
1663 2080 1777 2154 Anno
1807 2078 1987 2152 milellmo

383 2187 684 2286 quingentefimo
703 2191 852 2268 decimo
876 2191 1049 2295 septimo.
1068 2193 1171 2294 Sign.
1191 2193 1362 2292 Typogr.
1389 2194 1500 2270 Char.
1523 2195 1584 2270 lat.
1610 2196 1687 2270 foll.
1710 2198 1762 2271 16.
1785 2222 1864 2270 non
1885 2219 1988 2269 num.

381 2301 446 2377 lin.
469 2303 527 2406 39.
547 2309 581 2396 4.

576 2443 679 2504 Editio
695 2467 836 2524 nusquam
855 2451 996 2509 recondas.

476 2613 560 2690 286.
576 2657 622 2676 -
638 2617 860 2694 Polz'tmtheo
879 2647 976 2722 opus
992 2619 1208 2699 luavillimis
1227 2623 1386 2701 floribus
1405 2639 1633 2700 exornatum
1654 2621 1903 2724 compolrtum
1923 2643 1993 2720 per

384 2728 636 2808 Dominicum
655 2735 801 2812 Nonum
818 2739 1084 2827 lllr'rabellziem,
1111 2743 1247 2818 Civem
1264 2739 1467 2818 Albaniam
1483 2743 1701 2844 artiumque
1724 2740 1923 2814 doctorem
1950 2735 1995 2811 ad

385 2871 634 2924 communem
652 2851 866 2928 utilitatem.
889 2897 938 2913 —
969 2857 1110 2932 Addita
1125 2887 1227 2934 nunc
1241 2861 1412 2958 primurn
1431 2863 1479 2934 est
1496 2859 1612 2935 latina
1628 2855 1892 2958 interpretatio
1911 2846 1997 2929 ve'r·

383 2961 496 3038 suurn
510 2965 667 3052 Daretis,
690 2984 730 3042 et
748 2968 986 3058 Potrarclroe,
1006 2999 1103 3072 quos
1123 2973 1188 3072 ipfi
1208 2975 1336 3051 Italico
1356 2975 1536 3055 idiomate
1556 2973 1873 3074 conscripserunt,
1895 2971 1936 3044 in
1954 2970 1997 3042 li·

386 3079 483 3155 bera
503 3084 718 3178 argentone,
748 3085 852 3184 apud
877 3087 1072 3160 Mouht'om
1104 3090 1339 3168 Scamnum.
1359 3133 1407 3149 -
1435 3093 1603 3166 Haecin
1627 3092 1754 3164 fronte
1779 3091 1848 3165 litt
1878 3087 1997 3162 rubro

387 3196 486 3298 nigr.
502 3239 553 3257 -
568 3198 630 3274 fol.
652 3200 734 3275 233.
750 3201 786 3276 b.
812 3203 876 3277 lin.
899 3203 957 3280 36.
979 3202 1161 3280 Matthrirs
1187 3205 1397 3280 Schurenics
1421 3207 1659 3305 Argentoroti
1682 3205 1871 3303 exscripfit
1897 3229 1997 3276 armo

389 3313 538 3418 domini
554 3315 607 3391 M.
619 3317 802 3394 D.XV11.
826 3320 951 3396 mense
968 3324 1166 3421 Augustae.
1184 3323 1310 3398 ¹ductu
1321 3323 1520 3396 leonardi
1536 3337 1575 3398 et
1596 3321 1718 3394 heae
1746 3319 1906 3416 Alanste
1924 3317 1999 3392 fra·

387 3449 504 3509 trum.
526 3433 677 3538 infigne.
697 3437 868 3537 Typogr.
890 3439 1002 3514 Char.
1022 3441 1126 3539 goth.
1148 3441 1225 3515 1011.
1241 3441 1324 3515 223.
1353 3441 1440 3542 fign.
1464 3439 1504 3512 in
1519 3454 1602 3514 toto
1621 3437 1703 3510 231.
1721 3435 1786 3510 lin.
1804 3436 1862 3510 68.
1882 3433 1908 3507 1.

582 3573 714 3630 Panaeti
728 3575 836 3632 Annal.
855 3578 987 3654 Typogr.
1008 3580 1043 3635 T.
1053 3578 1080 3636 6.
1099 3599 1128 3656 p.
1145 3575 1192 3636 85.
1213 3579 1250 3636 N.
1265 3575 1328 3656 489.

489 3760 574 3859 287.
589 3802 634 3822 -
654 3764 864 3839 Scorobeus.
889 3766 963 3840 Per
989 3766 1110 3864 Desr‘d.
1144 3766 1333 3866 Erasmum
1363 3767 1638 3842 Iloterodamum
1667 3789 1757 3840 cum
1785 3762 1935 3838 scholiis
1960 3762 2000 3836 in

393 3877 532 3980 quibus
550 3881 697 3957 Graeca
712 3881 965 3981 potissimum,
994 3913 1091 3986 quae
1111 3885 1243 3986 pallim
1266 3885 1406 3960 inserta
1420 3882 1523 3970 lunt,
1550 3897 1806 3984 exponuntur.
1820 3922 1872 3939 -
1895 3879 2000 3954 Haec

394 3995 436 4070 in
451 3997 578 4075 fronte
594 4040 644 4058 -
661 3999 724 4074 101.
746 4007 805 4090 42.
831 4001 896 4076 lin.
910 4029 941 4099 7.
969 4000 1143 4100 Basileus
1164 4002 1265 4106 apud
1294 4002 1423 4076 Ioann.
1447 4001 1659 4075 Frobenritm
1676 3997 1805 4075 Mense
1822 3997 1924 4098 Majo
1954 3999 2000 4070 A.

396 4113 451 4186 M.
459 4113 508 4190 D.
518 4115 643 4193 XVll.
663 4161 714 4178 -
733 4119 845 4194 Char.
868 4121 929 4194 lat.
945 4119 1074 4217 grand.
1094 4120 1171 4196 1011.
1188 4126 1246 4209 42.
1270 4119 1355 4217 fign.
1379 4119 1442 4192 lin.
1459 4145 1518 4218 29.
1543 4124 1578 4207 4

590 4257 720 4314 Panaeti
733 4257 839 4316 dunel.
857 4258 988 4334 Typogr.
1006 4257 1042 4314 Τ.
1052 4257 1079 4314 6.
1097 4277 1125 4333 p.
1145 4257 1256 4320 aor.N.
1275 4253 1338 4314 286.

497 4441 581 4517 288.
607 4485 651 4503 -
673 4445 957 4520 Elucriiatorritm
987 4445 1269 4521 ecclefiasticum
1292 4443 1339 4520 ad
1368 4443 1544 4519 officium
1575 4441 1747 4518 ecclesiae
1772 4439 2003 4542 pertinentia

399 4563 548 4668 planius
567 4587 762 4662 exponens
780 4577 818 4637 et
835 4581 1000 4663 quatuor
1023 4565 1280 4664 complectens
1299 4578 1368 4638 etc.
1385 4603 1435 4621 -
1450 4561 1620 4648 Primus,
1647 4561 1823 4661 Hymnos
1842 4561 1889 4635 de
1907 4575 2004 4668 tem·

401 4705 498 4784 pore
522 4696 561 4756 et
583 4679 738 4764 ¹sanctis,
759 4705 830 4777 per
855 4694 982 4754 totum
1006 4683 1093 4755 anni
1112 4679 1296 4780 spacium,
1326 4679 1468 4778 adjecta
1486 4678 1750 4779 explanatione
1774 4675 1941 4750 declarat
1956 4715 2004 4732 -

403 4799 621 4888 Secundus,
645 4796 838 4874 Nonnulla
861 4797 1005 4873 cantica
1028 4797 1282 4884 eccleliastica,
1313 4795 1558 4898 antiphonas,
1583 4811 1622 4871 et
1647 4791 1902 4894 responsoria,
1929 4815 2006 4866 una
