4706 5868
378 697 426 770 66
772 708 1012 769 cersiacus
1038 706 1413 770 ateuocntrntcos
1438 708 1596 767 nnxm.

376 893 452 965 tr'ni
465 891 813 965 Annotationes.-
829 889 879 962 M.
906 889 1068 1000 Terentii
1088 888 1242 962 Voroms
1263 889 1310 964 de
1329 888 1458 988 lingua
1472 887 1586 962 latina
1604 885 1689 959 libri
1710 901 1787 962 tres
1805 887 1986 984 Quartus,

377 1009 555 1105 Quintus.
571 1008 782 1081 Sextus-
799 1004 980 1080 Eiusdem
1006 1005 1052 1080 de
1073 1005 1260 1104 Analogia
1287 1005 1374 1078 libri
1401 1021 1490 1081 tres.
1508 1043 1560 1063 -·
1584 1004 1690 1077 Secti
1710 1001 1873 1104 Pompeji
1897 1002 1992 1099 Festi

376 1124 614 1224 undeviginti
631 1123 820 1198 librorum
837 1123 1057 1223 fragmenta.
1073 1163 1118 1183 -
1131 1121 1414 1196 NoniMorcelli
1428 1120 1684 1221 Compendia,
1702 1120 1743 1194 in
1758 1121 1896 1222 quibus
1912 1140 1987 1197 ter-

376 1243 431 1317 tia
444 1243 525 1316 fere
542 1267 632 1342 pars
653 1241 780 1316 addita
798 1245 865 1316 est:
886 1267 965 1315 non
984 1255 1070 1315 ante
1094 1238 1287 1339 imprella,
1310 1239 1424 1341 idque
1440 1240 1570 1313 labore
1589 1253 1628 1312 et
1645 1237 1839 1336 diligentia
1855 1241 1986 1314 Jucun·

377 1361 422 1433 di
433 1358 548 1434 nostri
576 1355 804 1454 Veronensis:
823 1357 946 1458 quiin
961 1357 1090 1448 Gallia
1106 1355 1277 1430 Nonium
1290 1383 1379 1430 curn
1399 1356 1563 1456 antiquis
1581 1355 1743 1431 contulit
1758 1355 1984 1456 exemplari·

378 1478 461 1552 bus.
488 1476 652 1550 Additus
666 1492 864 1574 praeterea
882 1477 931 1549 est
953 1475 1088 1572 longus
1107 1487 1289 1547 tractatus
1310 1472 1357 1548 de
1382 1472 1594 1572 generibus.
1608 1513 1654 1526 -
1671 1471 1776 1545 Haec
1801 1473 1840 1545 in
1861 1472 1987 1547 fronte

376 1621 465 1700 etun
484 1593 611 1692 inlign.
633 1593 732 1666 Aldi.
751 1593 815 1666 fot.
834 1591 916 1666 eod.
938 1589 974 1664 b.
994 1589 1103 1690 Epist.
1124 1590 1211 1663 Aldi
1234 1589 1280 1663 ad
1295 1589 1510 1663 Lectorem.
1527 1631 1575 1646 -
1588 1588 1734 1688 Sequit.
1753 1587 1985 1688 ByrrhiPer·

378 1713 452 1786 roti
465 1709 711 1785 Prooemium
736 1709 776 1782 in
801 1707 1071 1808 Cornucopiae‘
1094 1722 1162 1780 etc.
1183 1707 1247 1780 iol.
1271 1734 1304 1781 a.
1331 1732 1411 1779 non
1439 1706 1525 1805 fign.
1545 1705 1860 1782 commemoratio
1888 1705 1987 1780 vitae

377 1829 432 1902 M.
461 1828 864 1921 Valerii-Mamolre-
880 1825 944 1900 fol.
967 1826 1001 1899 3.
1017 1823 1152 1924 incipit
1175 1823 1289 1898 index
1304 1867 1354 1880 -
1370 1850 1493 1924 usque
1510 1823 1573 1896 fot.
1603 1826 1658 1920 76.
1679 1823 1816 1895 Leonis
1840 1823 1937 1895 Julii
1950 1831 1995 1896 et'

255 1985 261 2010 ι
380 1946 595 2020 Alexandn‘
611 1945 783 2045 privileg.
813 1941 973 2044 imprell.
987 1986 1033 2003 -
1050 1960 1135 2042 pag.
1168 1969 1196 2016 1.
1222 1940 1308 2039 fign.
1336 1941 1490 2014 Nicolai
1511 1939 1650 2012 Perotti
1668 1939 1924 2036 cornucopiae
1941 1981 1990 1996 -

379 2092 417 2165 p.
441 2061 543 2137 1236.
562 2062 647 2161 [ign.
664 2063 728 2137 lin.
744 2090 802 2161 29·
835 2061 992 2134 Venetiis
1009 2059 1050 2133 in
1069 2058 1222 2133 aedibus
1242 2058 1338 2131 Alei
1355 2073 1395 2131 et
1414 2057 1584 2132 Andreae
1603 2057 1731 2127 Soceri.
1758 2055 1811 2127 M.
1823 2055 1869 2126 D.
1881 2055 1985 2128 Xlll.

381 2179 508 2256 mense
528 2179 758 2256 Novembris
780 2179 843 2252 lol.
860 2178 934 2278 leq.
954 2177 1103 2275 infigne.
1123 2176 1222 2250 Aldi.
1245 2175 1427 2250 Charlat.
1446 2172 1584 2272 splend.
1603 2171 1764 2270 Numeri
1781 2197 1898 2271 marg.
1911 2171 1986 2244 fott.
2079 2245 2090 2252 ,

379 2301 444 2394 .76.
463 2325 543 2373 non
560 2297 645 2397 fign.
665 2323 702 2397 p.
725 2295 828 2385 1436.
847 2294 934 2394 lign.
953 2295 1017 2368 lin.
1037 2296 1095 2367 62.
1123 2294 1147 2366 f.

572 2438 702 2492 rameri
715 2434 820 2490 mar.
843 2434 974 2508 rypogr,
995 2427 1067 2487 no.
1084 2451 1113 2507 p.
1124 2403 1188 2507 its.
1206 2432 1245 2487 n.
1256 2425 1320 2488 628.
1341 2431 1442 2485 Marce.
1462 2428 1497 2483 r.
1509 2442 1535 2483 α.
1550 2428 1650 2503 pass.
1669 2426 1748 2484 seris
1764 2425 1832 2484 sen*
1848 2427 1990 2483 asason

670 2527 785 2584 Aldine.
805 2546 834 2600 p.
849 2528 895 2593 35.
915 2525 954 2582 N.
963 2520 992 2581 8.
1088 2559 1091 2568 ·

483 2723 618 2797 191.-
634 2694 1075 2769 JacobiHenriclrmanm'
1095 2689 1369 2790 indelfingenfis
1392 2688 1660 2790 grammaticae
1678 2686 1928 2762 institutiones
1946 2727 1993 2742 -

382 2814 609 2890 Exhortatio
629 2810 798 2886 eiusdem
818 2811 865 2885 ad
879 2837 1032 2912 pueros,
1045 2827 1094 2885 ut
1109 2810 1347 2911 eloquentiae
1365 2809 1679 2884 studeant-Ars
1700 2805 1992 2880 condendorum

388 2932 601 3009 carminum
617 2929 929 3002 HenriciBebelii
940 2927 1177 3026 Jullingenfis
1197 2943 1332 3027 poetae
1349 2927 1508 2999 laureati
1528 2948 1616 2999 cum
1627 2921 1882 2998 additionibus
1899 2919 1996 2991 mul-

385 3051 433 3126 tis
451 3076 522 3151 per
539 3061 712 3120 autorem
728 3043 850 3146 ipsum
866 3045 1064 3120 emendata
1082 3043 1350 3144 diligenter.-
1364 3044 1643 3115 Racemotiorres
1660 3055 1698 3112 et
1714 3035 1994 3112 observationes

388 3151 571 3244 eiusdem.
583 3208 626 3223 -
647 3162 926 3238 centimetrum
945 3163 1071 3237 Mauri
1085 3163 1202 3235 Servii
1214 3161 1398 3232 Honorati
1407 3155 1654 3256 grammatici.
1672 3199 1717 3213 -
1737 3152 1996 3249 Alphabetum

388 3309 568 3388 graecum
588 3308 676 3355 cum
694 3279 904 3355 dictionum
922 3281 1143 3379 graecarum
1162 3276 1354 3376 apicibus,
1376 3273 1442 3373 qui
1458 3273 1497 3346 in
1513 3271 1677 3345 aliorum
1694 3265 1997 3367 imprellionibub

389 3403 474 3478 funt
491 3399 721 3498 neglecti-
737 3398 900 3472 Haecin
922 3397 1047 3470 fronte
1071 3394 1189 3469 limbo
1210 3407 1376 3466 ornatae.
1399 3389 1453 3462 fol
1490 3386 1627 3461 eodem
1650 3384 1685 3457 b.
1701 3383 1862 3458 Jolzonn.
1882 3381 1999 3453 Hilte-

388 3521 514 3594 branti
526 3516 689 3617 Epistola
705 3515 751 3590 ad
766 3515 971 3591 Lectorem
990 3529 1059 3598 etc,
1075 3513 1138 3587 fol.
1155 3511 1188 3584 6.
1208 3507 1340 3607 incipit
1352 3503 1668 3579 Grammatica-
1683 3497 1849 3573 sols126.
1863 3497 1927 3572 lin.
1938 3522 1995 3569 20.

281 3621 282 3626 Ἰ
396 3636 583 3733 Tubingae
602 3633 642 3707 in
659 3632 813 3707 aedibus
838 3632 996 3706 Thomee
1015 3625 1183 3725 Anselmi
1194 3622 1373 3722 Badeosis
1392 3621 1515 3696 mense
1532 3618 1756 3695 Decembris
1769 3617 1879 3691 M.D.
1891 3614 1996 3689 Xlll.
2101 3723 2109 3750 x
2236 3673 2239 3683 .

390 3755 501 3829 Char.
517 3754 577 3827 lat.
597 3750 672 3825 foll.
694 3751 771 3825 126.
790 3775 870 3823 non
885 3776 988 3823 num.
1004 3747 1067 3821 lin.
1086 3751 1144 3836 42.
1169 3750 1203 3833 4.

584 3889 668 3967 Opus
688 3907 749 3946 non
768 3888 943 3962 receufimru.

485 4059 852 4166 =192.-Gramotr'ca
870 4056 1044 4129 omnium
1056 4050 1247 4126 utilillima
1260 4065 1298 4123 et
1310 4045 1537 4131 brevissima,
1563 4043 1727 4122 mirabili
1746 4040 1879 4117 ordine
1897 4065 2000 4114 com·
2104 4135 2107 4142 .
2136 4043 2138 4048 '

396 4177 526 4280 polita.
545 4177 667 4264 Adeo,
684 4192 728 4248 ut
755 4173 895 4272 singula
920 4171 1081 4272 quilibet
1101 4168 1209 4241 facile
1234 4165 1456 4262 intelligere,
1480 4162 1589 4237 facile
1617 4161 1811 4246 invenire,
1843 4174 1881 4232 et
1897 4154 2001 4257 quod

394 4293 607 4368 maximum
637 4297 705 4376 est,
732 4290 842 4365 facile
874 4286 1061 4362 memoria
1087 4283 1253 4357 retinere
1279 4278 1400 4379 pollit.
1422 4279 1481 4352 Ac
1502 4278 1630 4366 citius,
1650 4303 1767 4378 quam
1793 4301 1830 4374 p.
1855 4297 1998 4347 annum

394 4409 609 4508 conjugare,
647 4407 845 4493 declinare,
874 4422 913 4480 et
937 4431 981 4479 ea
1006 4429 1082 4503 que
1108 4399 1155 4474 ad
1172 4395 1501 4472 constructionem
1530 4395 1697 4494 spectant
1722 4391 1831 4466 facile
1858 4388 2000 4463 ediscat.

394 4527 495 4601 Sunt
510 4525 653 4624 ubique
671 4522 881 4596 dictionum
907 4519 1109 4621 fignificata
1132 4515 1335 4590 vernacula
1357 4513 1485 4610 lingua
1506 4510 1639 4586 addita.
1667 4511 1847 4585 Preterea
1870 4521 1994 4580 trans·

395 4644 485 4719 latio
508 4639 669 4716 casuum·
684 4654 723 4712 et
741 4655 962 4738 temporum
978 4638 1017 4710 in
1034 4638 1196 4708 nostram
1217 4631 1393 4728 linguam.
1420 4626 1690 4728 Eorumdemq.
1713 4623 1892 4698 formatio
1908 4620 1995 4691 bre·

399 4763 455 4838 vis
479 4777 518 4834 et
542 4759 700 4856 elegans.
722 4753 1083 4855 patronymicorum
1100 4766 1138 4824 et
1156 4751 1371 4820 Grecorum
1382 4741 1651 4816 declinationes
1676 4739 1853 4818 seorsum,
1864 4757 1998 4832 quem-

399 4877 606 4955 admodum
633 4871 742 4949 tatini
768 4868 841 4964 illis
866 4882 1038 4945 utuntur.
1065 4867 1126 4940 De
1155 4859 1430 4940 constructione
1471 4857 1605 4944 facilia,
1632 4853 1840 4950 breviaque
1864 4873 1996 4948 perce-
