4636 5878
958 477 962 518 l

389 625 460 674 222
751 617 990 676 caramous
1016 601 1391 674 arnnoeutrmeus
1416 613 1626 674 numm.

393 793 495 896 apud
511 793 666 870 viduam
682 795 971 868 Zrmmennanni
985 817 1084 868 anno
1106 791 1326 870 MDLXV.
1344 831 1393 850 -
1412 795 1516 870 Haec
1538 792 1579 868 in
1605 794 1799 868 fronte-
1823 793 1886 868 fol.
1909 822 1937 870 ι.
1953 794 1996 870 b.

393 911 578 1000 carmina,
596 911 735 1012 quibus
751 912 856 987 Echo
872 911 1085 1012 respondet.
1105 909 1176 986 [3.
1191 909 1364 986 Panonia
1373 912 1531 1010 Lugent,
1551 911 1638 986 linit
1652 909 1714 986 fol.
1735 913 1769 986 6.

582 1030 657 1106 Hic
673 1030 921 1104 Ferdznandus
938 1029 1114 1105 dilectam
1132 1028 1305 1104 condidit
1321 1029 1474 1104 Annarn

651 1197 653 1202 ,
679 1147 754 1223 Hic
767 1148 992 1222 I‘lerdtnondi
1008 1145 1165 1222 caesarie
1179 1145 1254 1223 olla
1263 1129 1400 1244 jacent.

583 1265 770 1364 Reginam
784 1266 879 1365 tegit
893 1263 966 1340 hoc
981 1291 1120 1364 magno
1137 1291 1227 1339 curn
1241 1275 1330 1364 rege
1346 1263 1590 1364 sepulchrum
1940 1259 1941 1264 ¹

2308 3223 2309 3270 l

2308 3285 2309 3340 l

676 1385 787 1456 Unus
804 1399 887 1456 erat
904 1382 1026 1467 vivis.
1052 1385 1132 1481 poll
1153 1407 1310 1487 quoque
1329 1381 1403 1456 lata
1422 1381 1570 1456 thorue.

384 1495 507 1574 thar.
524 1497 694 1599 grandes.
713 1499 788 1572 loll.
805 1501 839 1573 6.
857 1525 936 1572 non
955 1499 1040 1597 lign.
1064 1498 1128 1571 lin.
1144 1500 1202 1572 26.
1220 1503 1253 1586 4.

584 1638 646 1694 Neo
661 1637 694 1692 in
709 1635 893 1692 bibliothecis
907 1637 1076 1711 Hungariae
1093 1635 1181 1694 huitu
1199 1635 1336 1692 rarillimi
1351 1635 1450 1711 scripti
1466 1635 1499 1692 fit
1513 1637 1622 1692 mentio
1640 1633 1812 1692 Μίνδιον
1828 1637 1861 1693 iu
1879 1633 2002 1708 Dent'sii

679 1727 1171 1822 Buehdruekergelphiehtelll'iene.
1187 1731 1223 1786 T.
1234 1741 1261 1784 2.
1277 1748 1307 1804 p.
1318 1727 1383 1786 δοῦ.
1407 1729 1447 1786 N.
1455 1727 1518 1798 636.
1536 1748 1573 1786 ex
1588 1728 1648 1786 alio
1666 1727 1772 1804 scripto
1788 1742 1873 1783 notua
1891 1724 1936 1781 est.

490 1939 574 2027 684.
599 1977 650 1994 --
674 1938 733 2009 De
752 1935 936 2039 arispir‘cata
955 1933 1121 2034 acfilin'
1132 1939 1339 2036 legatione,
1359 1964 1434 2038 qua
1450 1936 1551 2013 saera
1570 1937 1661 2014 cael.
1678 1937 1814 2010 M'rs,
1833 1933 1990 2034 sapienti

286 2136 289 2141 ,
394 2070 508 2156 atque
518 2053 667 2129 salutari
683 2055 853 2142 confili0,
871 2081 965 2156 pace
983 2078 1071 2128 cum
1087 2052 1320 2154 imperatore
1337 2069 1534 2128 turcarum
1552 2053 1759 2140 constituta,
1780 2053 1990 2153 Halcyonia

366 2261 374 2270 .
393 2170 478 2247 orbi
501 2171 698 2247 christiano
715 2187 754 2247 et
765 2171 882 2248 rebus
901 2171 1132 2272 populisque
1147 2171 1296 2246 romani
1312 2169 1464 2271 imperii
1480 2171 1677 2271 publicum
1696 2169 1767 2246 otii
1783 2195 1826 2244 ac
1849 2166 1989 2268 quietis

392 2287 540 2366 bonum
559 2289 796 2377 restauravit,
823 2289 953 2363 officio
970 2288 1044 2362 fide
1062 2306 1101 2363 et
1114 2288 1338 2364 dexteritate
1362 2289 1537 2387 singulari
1563 2285 1859 2363 reverendillimi
1876 2284 1923 2357 D.
1940 2283 1989 2358 D.

393 2405 553 2482 Antonii
571 2409 735 2495 ilirantzi
744 2405 908 2508 episcopi
929 2404 1102 2480 eccleliae
1115 2407 1306 2506 Agn'ensis
1325 2422 1364 2482 et
1382 2401 1633 2481 comitatuum
1653 2404 1833 2501 Hemssen
1851 2419 1889 2477 et
1897 2401 1990 2476 Boe·

379 2519 526 2620 fhdz'en.
544 2524 725 2612 Comitia,
744 2525 903 2624 sacraeq.
916 2520 1004 2598 caes.
1022 2521 1113 2597 Meis
1133 2507 1329 2598 deonfiliis
1349 2523 1472 2598 intimi
1492 2551 1536 2599 ae
1549 2523 1733 2609 oratoria,
1754 2521 1802 2596 ad
1822 2519 1990 2594 turcieoe

391 2642 643 2742 imperatores
660 2657 817 2741 experta
833 2642 996 2743 quadam
1008 2677 1024 2728 ‚·
1037 2641 1260 2743 divinaque,
1286 2658 1371 2716 tum
1389 2640 1586 2728 industria,
1614 2657 1697 2715 tum
1715 2629 1893 2713 felieitate
1911 2637 1989 2736 pla-

387 2783 437 2832 ne
454 2757 771 2858 incomparabilis,
788 2757 906 2858 elegia
921 2759 1168 2858 gratulatoria
1187 2761 1234 2834 ad
1253 2759 1417 2835 eundem
1433 2785 1511 2835 rev.
1524 2785 1567 2834 ae
1582 2755 1911 2833 clementillimum
1921 2753 1989 2827 do·

387 2868 537 2948 minum
554 2873 662 2948 suum
685 2873 823 2975 scripta
846 2901 868 2950 a
891 2875 1036 2949 Joanne
1056 2877 1261 2951 Seccervitro
1277 2875 1555 2974 Vratislavienfi.
1579 2875 1740 2950 Viennae
1755 2871 1923 2970 Artsm'ae
1941 2893 1988 2944 ex

298 3081 301 3091 ι
389 2989 547 3083 officina
575 2987 976 3091 Caspan'‚dlazirhqsen‘
996 3011 1096 3066 anno
1121 2993 1408 3070 M.D.LXV111.
1427 3035 1478 3054 -
1502 2995 1607 3070 Haec
1637 2992 1678 3066 in
1699 2989 1825 3066 fronte
1841 2985 1990 3062 -linit

387 3103 451 3184 fol.
469 3133 500 3204 7.
517 3106 554 3182 b.
1987 3129 1992 3137 ·

579 3225 655 3298 Vos
681 3250 836 3325 quoque
854 3223 1045 3299 Pierides:
1062 3225 1171 3301 vobis
1192 3225 1234 3300 lit
1253 3224 1402 3329 lemper
1417 3227 1457 3300 in
1475 3250 1544 3301 ore

674 3340 827 3427 Proto,
848 3357 888 3416 et
904 3342 978 3416 hoc
993 3341 1099 3416 venit
1113 3355 1211 3444 quae
1229 3343 1324 3421 duce
1340 3359 1448 3447 parte
1467 3345 1586 3445 quiea.

389 3457 501 3533 Char.
522 3456 651 3558 grand.
668 3458 746 3532 foll.
767 3484 797 3556 7.
816 3482 896 3532 non
914 3457 999 3558 lign.
1016 3451 1080 3532 lin.
1099 3461 1160 3535 26.
1173 3468 1207 3550 4.

576 3598 625 3652 De
637 3596 800 3653 severino
817 3595 899 3652 nulla
912 3597 1063 3653 invenitur
1077 3599 1192 3656 notitia.

388 3799 394 3807 ’
481 3797 563 3878 685.
590 3845 638 3866 -
664 3802 889 3880 Parentalia.
907 3789 1194 3884 Anniverlatiae
1204 3807 1414 3886 memoriae
1432 3808 1509 3884 divi
1528 3807 1754 3882 Ferdinandi
1768 3809 1795 3881 l.
1817 3801 1982 3907 Impera-

381 3917 478 4026 toria
500 3919 632 3998 calaris
651 3922 792 4022 augusti
810 3922 1021 4000 archiducit
1038 3927 1143 3999 austr.
1159 3941 1226 4001 etc.
1253 3927 1294 4000 P.
1312 3925 1355 4001 P.
1380 3925 1568 4002 celebrata
1590 3925 1630 4000 in
1657 3923 1848 4000 academia
1863 3923 1981 3998 Vien-

381 4039 484 4117 nenfi
507 4039 612 4115 leriie
624 4037 674 4115 D.
693 4039 826 4114 Jacobi
841 4039 997 4141 apostoli
1009 4041 1097 4117 anni
1119 4044 1221 4117 1568.
1241 4031 1390 4118 Autore
1407 4043 1525 4118 Paulo
1540 4041 1705 4118 Fabn'cio
1721 4040 1877 4118 caesaris
1901 4065 1981 4113 ma-

331 4191 336 4232 ³
380 4157 586 4232 thematico
605 4157 755 4234 niedico
767 4155 934 4233 doctore.
951 4159 1111 4234 Viennae
1130 4157 1298 4262 Azfin'zze
1314 4187 1361 4236 ex
1377 4159 1533 4238 officina
1554 4155 1981 4262 Cospan'Slainhosen'-

274 4291 277 4297 “
379 4271 543 4348 Haecin
562 4273 755 4352 fronte-
773 4275 836 4351 fol.
858 4303 892 4351 a.
919 4274 1105 4350 dedicatio
1126 4276 1269 4351 autoris
1292 4277 1339 4352 ad
1369 4279 1669 4354 Maaeinn'iionum
1690 4277 1740 4351 Π.
1771 4279 1981 4376 Imperato-

378 4415 464 4465 rem
481 4389 633 4470 directa.
649 4435 697 4452 —
714 4394 778 4468 fot.
796 4394 830 4468 3.
847 4393 1069 4468 Parentalia.
1088 4437 1139 4460 -
1157 4393 1220 4469 fol.
1240 4400 1294 4486 14.
1316 4395 1362 4472 de
1381 4396 1512 4472 infami
1534 4398 1687 4482 cuculo,
1702 4395 1892 4493 huiuaque
1907 4392 1980 4464 irn-

378 4505 600 4608 probissimo
617 4534 755 4606 genere
771 4512 1004 4609 germaniam
1022 4512 1209 4612 gregatim
1232 4514 1458 4589 locustarum
1484 4541 1594 4589 more
1621 4511 1883 4616 pervolvente.
1910 4509 1981 4583 Ec-

324 4667 328 4676 ·
380 4624 486 4704 clella
497 4625 696 4728 quaeritur
716 4629 815 4726 apud
825 4629 1053 4706 Germanice
1071 4655 1251 4731 proceret
1266 4673 1312 4690 -
1327 4631 1466 4708 finiunt
1482 4632 1561 4707 foll.
1585 4633 1640 4708 16.
1656 4631 1693 4707 b.
1713 4628 1754 4706 hi
1768 4625 1953 4724 verlibue:

544 4820 547 4826 ,
568 4741 707 4824 Dititie
724 4743 827 4821 haud
843 4743 994 4823 libitum
1009 4751 1058 4824 est
1075 4748 1271 4826 doctrinae
1294 4748 1449 4826 credere
1464 4745 1561 4828 ledia
