4706 5868
370 633 437 706 108
728 633 968 708 cerambus
994 645 1370 708 Bmssocnlrmcus
1396 647 1581 707 Muxvnt.

367 823 439 898 cisa
451 823 616 898 culinam
628 775 967 924 representantess
985 825 1077 898 finit.
1089 826 1153 900 fot.
1169 832 1227 916 44.
1236 851 1317 900 non
1327 825 1414 924 lign.
1424 823 1488 899 lin.
1500 851 1534 924 9.
1547 825 1745 926 stampato
1762 827 1802 901 in
1817 829 1975 930 Veneria

365 941 590 1041 perNicolo
614 943 753 1040 Zopr'no
782 971 802 1016 e
838 945 1017 1016 Wbcenzo
1039 943 1242 1042 compagni
1256 944 1330 1016 nel.
1347 943 1447 1016 MD.
1460 943 1605 1016 XVlll.
1622 943 1682 1018 adi
1705 944 1812 1018 XXl.
1835 949 1974 1048 Agollo
2132 957 2135 964 '

278 1113 301 1130 .
369 1057 480 1132 Char.
498 1056 601 1156 goth.
619 1056 689 1130 litt.
710 1057 790 1132 init.
811 1057 911 1136 incis.
930 1058 1007 1133 loll.
1030 1067 1088 1149 41.
1107 1059 1193 1158 fign.
1212 1059 1253 1133 in
1265 1064 1425 1148 totozdd.
1442 1061 1506 1138 lin.
1529 1059 1586 1150 34.
1604 1061 1639 1136 8.

556 1191 731 1250 Hucusdum'
745 1193 851 1269 absque
868 1193 988 1252 indicio.

1035 1365 1088 1441 M.
1113 1368 1162 1440 D.
1188 1367 1297 1440 XlX.

458 1505 541 1576 325.
561 1543 610 1559 -
630 1499 938 1576 Lr'bertheorime
953 1529 1025 1578 nec
1045 1531 1124 1578 non
1136 1505 1324 1604 practicae
1345 1504 1585 1602 Alsaharavii
1601 1508 1640 1579 in
1656 1507 1781 1608 prisco
1800 1510 1974 1586 Arabum

366 1619 609 1694 Medicorum
627 1635 818 1694 conventu
837 1620 945 1694 facile
962 1620 1162 1720 principis:
1183 1621 1249 1722 qui
1270 1623 1383 1721 vulgo
1400 1623 1600 1696 Acaran'us
1617 1623 1771 1700 dicitur:
1788 1624 1864 1698 iarn
1876 1625 1973 1702 lum-

364 1763 429 1812 ma
450 1737 644 1834 diligentia
663 1752 701 1811 et
725 1763 816 1810 cura
835 1737 1085 1842 depromptus
1104 1738 1145 1810 in
1165 1740 1299 1814 lucem.
1333 1741 1431 1812 Cum
1450 1740 1651 1841 privilegio
1670 1740 1806 1816 summi
1819 1743 1978 1817 Pontifi-

365 1856 419 1929 cis
436 1872 474 1929 et
494 1855 739 1955 Imperatoris
760 1855 934 1930 Romani.
951 1897 1000 1914 -
1018 1856 1124 1941 Haec
1138 1855 1178 1928 in
1193 1855 1319 1930 fronte
1335 1881 1424 1930 curn
1442 1857 1552 1932 icone
1571 1900 1621 1915 -
1640 1859 1703 1933 fol.
1722 1858 1804 1932 eod.
1822 1858 1858 1933 b.
1882 1860 1978 1933 Pou-

360 1974 508 2048 lilticz‘i
525 1973 687 2073 Epistola
704 1973 751 2047 ad
768 1973 880 2048 Doet.
901 1971 1042 2073 Sigrsm.
1060 1965 1196 2046 Gri'rnm
1221 1974 1463 2073 Agullanum.
1481 2015 1528 2030 -
1552 1974 1700 2050 Tabula
1727 1975 1977 2072 Alsaharavii.

364 2092 427 2166 sol.
449 2093 527 2190 ¹59·
546 2090 582 2164 b.
599 2088 683 2164 finis
694 2090 780 2165 libri
799 2091 992 2166 theoricae
1008 2116 1079 2166 nec
1094 2117 1175 2164 non
1190 2091 1378 2190 practicae
1390 2090 1648 2188 Alsadaravr'i‚
1668 2092 1735 2192 qui
1751 2093 1867 2191 vulgo
1879 2093 1976 2167 Aca·

365 2208 490 2284 rarius
517 2207 656 2282 dicitur
685 2207 860 2308 impenlls
886 2207 1109 2306 Srgtsmundr
1133 2208 1269 2282 Grimm
1294 2208 1434 2283 Medici
1462 2225 1501 2283 et
1526 2210 1650 2284 Marci
1669 2211 1849 2308 Vuirsung
1878 2211 1986 2308 Aug:

368 2325 650 2401 vindelicorum
661 2324 954 2422 Annovirginei
971 2340 1103 2426 partus
1118 2327 1345 2400 M.D.x1X.
1365 2326 1428 2400 die
1436 2327 1613 2426 vigesima
1634 2343 1769 2429 quarta
1788 2327 1981 2402 Martii.—

372 2441 521 2544 folleq.
539 2442 678 2541 infigne
693 2442 820 2542 gentil.
842 2443 955 2519 Char.
978 2443 1039 2517 lat.
1057 2467 1145 2521 cum
1162 2443 1284 2544 glollis
1301 2469 1417 2544 marg.
1438 2444 1515 2520 foll.
1539 2446 1617 2544 159.
1636 2444 1721 2544 fign.
1740 2444 1781 2517 in
1799 2459 1883 2519 toto
1902 2445 1982 2518 166.

371 2561 433 2636 lin.
456 2561 556 2636 55.t.
1306 2571 1309 2580 ’

473 2743 476 2748 ,
563 2701 691 2756 Panzerr'
707 2701 812 2756 Annal.
832 2701 964 2778 Typogr.
984 2703 1020 2760 Τ.
1041 2702 1068 2760 6.
1093 2722 1123 2778 p.
1143 2702 1203 2777 154.
1223 2703 1261 2760 N.
1284 2713 1345 2778 249.
1362 2703 1452 2780 laps.
1472 2704 1507 2759 T.
1527 2717 1554 2760 2.
1578 2723 1607 2780 p.
1630 2697 1690 2760 128.
1708 2703 1748 2760 N.
1772 2713 1818 2778 4²·
1841 2703 1980 2759 clement.

662 2795 697 2847 T.
719 2814 742 2848 ι.
765 2813 793 2870 p.
805 2795 867 2854 125.-
987 2829 990 2836 ·

471 2967 553 3042 326.
572 3006 621 3022 -
639 2966 685 3039 D.
704 2965 879 3068 Dionysii
894 2969 1138 3068 Areopagitae
1155 2968 1201 3044 de
1217 2971 1371 3070 mystica
1389 2968 1600 3068 Theologia
1621 2970 1682 3044 lib.
1714 2979 1742 3045 1.
1759 3011 1809 3027 -·-
1828 2972 1976 3044 Graece

376 3084 479 3158 loun.
507 3085 715 3157 Sarraceno.
736 3083 938 3158 Ambrosio
961 3085 1167 3158 Camaldul.
1185 3085 1352 3181 Marsr'lz'o
1371 3089 1496 3160 I‘l'cino
1519 3112 1607 3160 curn
1626 3089 1824 3164 vercellen.
1853 3101 1980 3159 extra-

376 3203 503 3277 ctione
523 3205 722 3301 interpret.
737 3243 787 3258 -
802 3201 904 3274 Ioan.
923 3202 1058 3276 Eckeirs
1074 3203 1381 3279 Commentarios
1401 3202 1536 3298 adjecit
1550 3228 1623 3300 pro
1638 3202 1852 3301 Theologia
1867 3227 1980 3298 nega-

377 3319 456 3394 tiva
476 3319 700 3417 Ingolstadir'.
726 3359 776 3376 -·
792 3317 854 3391 Ad
874 3316 1118 3393 reverendiss.
1136 3319 1336 3393 dominum
1362 3321 1408 3392 D.
1437 3314 1723 3417 Clmstoplrorum
1743 3316 1975 3417 Episcopum
2095 3333 2098 3338 '

378 3437 570 3537 Augustin.
588 3435 654 3510 loli
674 3437 760 3510 Deo
781 3435 910 3535 gloria.
923 3476 969 3497 -
987 3437 1091 3510 Haec
1109 3436 1148 3510 in
1166 3433 1303 3511 fronte.
1324 3437 1394 3510 litt.
1411 3433 1676 3533 rubro-nigris.
1696 3477 1746 3493 -
1763 3433 1827 3508 fol.
1844 3432 1982 3507 eodem

376 3557 413 3633 b.
441 3582 487 3628 ex
513 3554 644 3629 decem
672 3553 851 3644 fastorum
871 3554 1020 3654 Baptrst.
1040 3554 1239 3628 Mantuani
1249 3555 1413 3629 Carmen
1433 3551 1618 3626 dedicatio
1643 3552 1690 3627 ad
1709 3547 1906 3651 Clmstoph.
1933 3549 1979 3622 de
2079 3592 2083 3608 ·

380 3673 530 3748 Stadrbn
555 3671 672 3774 Epilc.
690 3671 841 3774 Augult.
860 3671 1012 3748 directa.
1028 3713 1078 3734 -·
1094 3671 1157 3746 fol.
1177 3671 1234 3744 38.
1254 3671 1316 3746 lin.
1339 3697 1391 3744 11.
1410 3655 1740 3744 excusumell'hoc
1756 3695 1854 3768 opus
1873 3667 1979 3742 inof-

382 3791 495 3866 licina
514 3789 667 3864 Ioannis
689 3789 817 3864 Miller
833 3787 894 3864 die
918 3789 1047 3864 XXV.
1071 3788 1187 3866 Meni.
1211 3789 1313 3888 May.
1330 3790 1445 3864 Anno
1468 3787 1622 3885 gratiae.
1639 3787 1691 3861 Μ.
1704 3787 1751 3862 D.
1763 3785 1871 3860 XlX.
1898 3785 1982 3858 Car.

383 3909 441 3986 lat.
464 3934 551 3984 cum
570 3906 699 4006 figuris
715 3904 849 4006 glollae
864 3931 981 4002 marg.
1000 3905 1077 3979 foll.
1096 3906 1154 3980 38.
1173 3932 1252 3980 non
1266 3905 1351 4005 lign.
1371 3905 1434 3979 lin.
1455 3903 1517 3978 lol.
1534 3904 1600 3978 ult.
1627 3929 1679 4000 ¹7·
1703 3904 1726 3977 l.

573 4048 703 4102 Panzerr'
714 4045 819 4100 Annnl.
831 4046 961 4120 Typogr.
976 4043 1012 4099 T.
1023 4045 1051 4099 6.
1070 4065 1098 4120 p.
1114 4046 1174 4102 153.
1191 4045 1230 4100 N.
1242 4056 1303 4118 142.
1321 4045 1409 4119 Zaps.
1428 4045 1462 4098 Τ.
1484 4059 1510 4098 2.
1529 4063 1557 4116 p·
1580 4059 1641 4116 127.
1660 4043 1699 4098 N.
1711 4037 1754 4098 38.
1774 4044 1875 4098 Μαίη.
1911 4042 1946 4097 Τ.
1963 4057 1993 4096 2·

670 4159 699 4214 p.
717 4134 783 4194 528.

483 4328 565 4422 327.
576 4367 627 4386 -
638 4326 904 4401 Dictrbnarritm
920 4349 1090 4426 graecum
1101 4324 1202 4399 ultra
1217 4323 1479 4398 ferrariensem
1497 4323 1704 4400 editionem
1714 4323 1988 4422 locupletatum

390 4443 483 4517 locis
507 4443 680 4526 infinitis,
704 4443 818 4546 idque
836 4471 884 4520 ex
914 4443 1071 4545 optimis
1086 4441 1299 4528 autoribus,
1324 4441 1429 4543 quod
1453 4441 1531 4515 iam
1557 4465 1660 4514 nunc
1677 4438 1853 4516 sufficere
1871 4441 1989 4538 potell

387 4557 568 4658 legendae
589 4560 738 4657 linguae
752 4562 965 4650 communi,
984 4577 1098 4662 atque
1117 4560 1268 4634 Atticae
1282 4559 1578 4660 propemodum.
1597 4603 1644 4620 -
1667 4558 1802 4658 Cyrr'lli
1821 4554 1992 4655 Opnscu-

324 4669 328 4678 ¹
389 4681 490 4765 lum,
510 4677 557 4752 de
579 4675 826 4765 dictionibus,
850 4704 948 4778 quae
963 4693 1120 4754 accentu
1140 4677 1288 4752 variant
1305 4675 1559 4774 significatum.
1577 4709 1626 4732 -
1639 4674 1858 4748 Aminomirs
1882 4672 1927 4746 de
1951 4670 1993 4742 sl·

394 4795 606 4872 militudine
627 4821 669 4871 ac
689 4793 903 4870 differentia
922 4793 1266 4870 dictionum-De
1284 4817 1325 4869 re
1347 4791 1500 4868 militari
1512 4806 1699 4877 veterum,
1720 4807 1759 4866 et
1772 4786 1991 4864 nominibus
