4694 5878
708 672 949 737 clrlnoous
975 670 1360 730 nmmoonarfflcus.
1387 673 1590 732 nmxxxn.
1659 753 1662 762 1
1884 665 1951 738 ι53

346 855 675 936 Μαηὴιίὶυίῇεή.
696 853 914 951 Valebergoe.
937 850 1039 924 1532.
1059 895 1104 910 -
1128 852 1234 926 Haec
1253 851 1293 926 in
1311 851 1438 926 fronte
1456 852 1578 926 limbo
1601 855 1808 958 figurisque
1837 859 1950 935 deco-

347 995 428 1054 rata
447 1018 494 1034 -
516 975 581 1048 lol.
600 999 678 1046 122.
700 971 763 1046 lin.
785 971 819 1044 8.
849 968 1057 1067 Vitebergae
1081 994 1151 1068 per
1175 969 1355 1043 Joonnem
1382 969 1498 1066 Weiss
1518 971 1633 1045 Anno
1655 974 1707 1047 M.
1716 975 1765 1052 D.
1778 976 1946 1056 XXXII.

349 1093 472 1172 mense
488 1093 670 1168 Februar.
691 1089 803 1166 Char.
824 1088 885 1164 lat.
904 1086 981 1160 foll.
1004 1113 1080 1162 122.
1099 1113 1180 1164 non
1196 1086 1282 1184 fign.
1303 1087 1365 1160 lin.
1385 1087 1442 1162 26.
1461 1087 1494 1166 8.

536 1232 665 1286 ramo
680 1227 785 1284 unna.
804 1207 935 1302 ripogr.
953 1225 987 1280 r.
998 1241 1026 1299 9.
1043 1225 1127 1300 pon.
1146 1227 1185 1281 n.
1196 1224 1260 1299 246.

272 1449 273 1456 .
443 1405 526 1498 494.
547 1439 596 1456 -
623 1395 816 1470 Plutarchi
834 1393 1040 1467 chaeronei
1056 1390 1101 1466 de
1120 1394 1261 1468 virtute
1278 1409 1316 1468 et
1333 1393 1427 1468 vitio
1447 1395 1594 1470 libellus
1615 1399 1690 1471 iarn
1709 1425 1845 1477 reeens
1871 1406 1949 1481 edi-

343 1537 404 1594 tus
425 1517 605 1620 (Graece)
622 1512 913 1588 M.D.XXXll.
935 1555 976 1569 —
995 1513 1099 1585 Haec
1121 1509 1161 1583 in
1179 1509 1321 1584 fronte.
1343 1511 1405 1585 fol.
1432 1539 1464 1584 2.
1489 1513 1652 1612 Epistola
1672 1516 1825 1592 Nicolai
1838 1523 1953 1598 Fabri

343 1637 388 1712 acl
406 1638 513 1710 Lect.
540 1633 743 1733 subscripta
764 1658 811 1706 ex
839 1630 996 1704 officina
1016 1628 1081 1704 lua
1101 1626 1228 1702 menie
1243 1628 1361 1702 lunio
1387 1629 1497 1704 M.D.
1510 1629 1677 1706 XXXll.
1699 1633 1810 1712 Char.
1827 1665 1949 1740 graec,

344 1752 422 1829 loll.
447 1781 477 1852 7.
493 1779 573 1828 non
592 1751 676 1850 fign.
697 1750 761 1824 lin.
783 1776 834 1846 ¹9·
856 1747 890 1820 8.

531 1888 701 1946 Hucusdum
718 1888 840 1944 recenlio
858 1904 919 1943 non
936 1885 1032 1942 exllat.

444 2059 528 2156 495.
554 2099 603 2116 --
633 2056 809 2156 Opuscula
825 2056 970 2155 aliquot
987 2079 1078 2128 vere
1094 2053 1300 2140 catholica,
1332 2081 1374 2127 ac
1392 2054 1580 2154 imprimis
1605 2059 1769 2148 erudita,
1794 2063 1953 2139 Joonnis

235 2219 237 2224 .
340 2177 516 2250 Ludooici
532 2177 627 2248 Vivis
650 2175 853 2258 Valentini,
871 2187 1022 2262 acurata
1041 2169 1223 2269 imprella.
1245 2213 1296 2230 -·
1324 2173 1560 2248 lntroductio
1583 2176 1631 2249 ad
1647 2177 1879 2276 sapientiam.
1898 2223 1949 2243 ·-

339 2291 553 2369 satellitium
572 2292 644 2366 live
662 2290 843 2390 symbola.
860 2331 910 2346 -
940 2287 1002 2361 De
1019 2287 1168 2361 ratione
1188 2288 1296 2361 lludii
1323 2289 1480 2387 puerilis
1509 2291 1684 2389 opillolae
1710 2299 1754 2368 ll.
1775 2339 1826 2355 -·
1853 2277 1951 2398 Lag.

338 2413 436 2496 duni,
454 2436 500 2486 ex
515 2407 892 2482 oflicinalllelcluon's
907 2421 945 2479 et
956 2403 1303 2505 Gasporekl'recbstl
1316 2405 1488 2494 fratrum,
1502 2408 1616 2482 Anno
1626 2411 1951 2491 M.D.XXX11.-

340 2529 444 2600 llaec
463 2525 645 2600 infreme
667 2549 755 2598 cum
772 2521 898 2620 insign.
915 2521 1240 2620 Typogr.—llnit
1259 2513 1348 2596 cuin
1368 2539 1457 2597 ortu
1475 2522 1630 2600 caesario
1654 2527 1842 2632 ipfiusque
1860 2533 1951 2608 edu·

340 2643 488 2718 catione
505 2683 547 2698 -
578 2641 641 2714 lol.
659 2642 716 2739 96.
740 2640 803 2713 lin.
825 2646 882 2727 24.
903 2638 1067 2714 Lovanii
1093 2640 1145 2713 M.
1157 2640 1205 2713 D.
1217 2639 1325 2713 XXl.
1351 2639 1463 2715 Char.
1493 2641 1553 2716 lat.
1581 2642 1657 2719 soll.
1676 2647 1734 2744 96.
1760 2675 1840 2724 non
1862 2649 1948 2750 fign.

342 2762 404 2836 lin.
424 2787 481 2858 27.
505 2760 539 2833 8.

529 2851 660 2954 Panaeti
672 2893 777 2951 Annal.
797 2895 928 2971 Typogr.
948 2896 982 2951 Τ.
992 2915 1018 2969 7.
1034 2912 1062 2968 p.
1075 2895 1138 2950 355.
1158 2895 1197 2951 N.
1215 2894 1278 2970 673.
1306 2951 1307 2954 ,

436 3067 520 3166 496.
546 3108 595 3125 -
620 3066 774 3163 Hesiodi
788 3063 874 3137 libri
892 3063 938 3138 de
956 3087 1074 3163 opere
1091 3079 1130 3136 et
1149 3062 1209 3140 die
1226 3064 1407 3164 (Graece)
1428 3091 1517 3140 cum
1534 3070 1837 3148 enarrationibus
1849 3075 1947 3153 Phil.

337 3187 618 3262 Melanchtomk.
654 3185 858 3282 Hagenoae
887 3181 928 3254 in
951 3178 1109 3256 officina
1128 3183 1236 3256 Seuer
1256 3183 1367 3258 MD.
1380 3183 1547 3259 XXXll.
1566 3229 1609 3246 -
1636 3189 1798 3263 Haecin
1821 3179 1947 3268 fronte

221 3411 226 3416 Ι
338 3305 455 3380 limbo
474 3303 602 3402 infign.
630 3317 782 3403 typogr.
800 3316 937 3376 ornata
963 3299 1028 3374 sol.
1047 3299 1106 3373 80.
1127 3299 1189 3374 lin
1208 3311 1270 3400 27³
1293 3313 1407 3391 Τιλος.
1426 3301 1537 3376 Char.
1556 3329 1675 3402 graec.
1696 3305 1771 3380 foll.
1790 3307 1848 3380 80.
1866 3336 1946 3384 non

339 3423 424 3523 fign.
446 3424 509 3497 lin.
526 3424 584 3496 25.
604 3421 639 3494 8.
1453 3419 1467 3470 '.

420 3575 422 3578 '
501 3573 515 3618 .'
531 3559 633 3614 Editio
649 3557 792 3614 rariss'ima
805 3554 964 3610 bucusdum
980 3571 1040 3608 non
1060 3552 1202 3607 recensita.

434 3734 517 3826 497.
532 3723 594 3785 ‘-
623 3725 887 3823 Castigonones
903 3692 1160 3820 plurimorum
1179 3747 1226 3794 ex
1249 3719 1411 3796 Terentio
1437 3721 1631 3813 locorum,
1662 3743 1701 3801 et
1729 3727 1768 3802 in
1790 3729 1848 3803 bia
1865 3733 1946 3807 obi·

336 3860 396 3919 ter
417 3844 573 3943 quidam
587 3841 782 3942 explicati,
806 3865 874 3938 per
894 3838 1103 3912 Jolloium
1119 3837 1448 3936 Atheodorr'enstm.
1468 3882 1518 3898 -
1534 3867 1623 3918 cum
1650 3844 1787 3923 lndice.
1806 3890 1857 3906 -
1873 3854 1945 3926 'Co-

197 3945 203 3952 '
301 3933 306 3944 '
336 3961 461 4033 Ioniae
487 3957 696 4034 excudebat
716 3957 772 4030 Jo.
790 3955 984 4056 Gymnr'cm
1002 3953 1074 4028 An.
1096 3955 1148 4028 M.
1158 3954 1206 4027 D.
1216 3955 1383 4032 XXXII.
1403 3957 1824 4038 MenleNovembri.-
1840 3969 1944 4043 Haec

338 4078 377 4152 in
405 4077 532 4152 fronte
553 4074 682 4176 figuris
709 4099 797 4180 aere
817 4071 916 4146 ineis.
950 4089 1093 4148 ornata.
1115 4113 1164 4129 -
1187 4101 1224 4174 p.
1246 4101 1279 4150 2.
1303 4075 1468 4174 Epistola
1480 4076 1587 4151 Joan.
1613 4079 1717 4160 llririi
1740 4081 1785 4156 ad
1805 4084 1947 4160 Jolnm

334 4194 471 4295 Pstugh
496 4192 664 4294 praepos.
701 4187 884 4287 Cizenfi’m
924 4233 973 4250 -
1012 4219 1047 4292 p.
1069 4197 1149 4288 174.
1178 4189 1242 4264 lin.
1260 4193 1317 4267 28.
1355 4193 1449 4268 linis.
1485 4235 1535 4252 -
1559 4193 1670 4272 Char.
1700 4196 1769 4278 lat..
1798 4202 1936 4278 minut.

335 4340 371 4411 p.
399 4315 476 4409 167.
495 4310 581 4410 lign.
599 4309 639 4383 in
655 4325 738 4384 toto
761 4315 839 4408 ¹74·
865 4308 927 4382 lin.
951 4308 1008 4381 28.
1025 4309 1059 4382 8.

527 4450 656 4505 Panaeti
675 4446 779 4504 Annal.
797 4447 930 4523 Typogr.
950 4447 986 4502 T.
996 4445 1025 4502 6.
1042 4465 1071 4522 p.
1081 4455 1144 4520 420,
1161 4445 1200 4502 N.
1217 4445 1279 4504 660.

430 4617 513 4718 498.
539 4655 585 4672 -
613 4617 758 4690 Sacrum
774 4615 939 4688 diurnam
960 4613 1006 4688 de
1022 4611 1157 4688 sudore
1174 4613 1263 4689 Jelu
1278 4615 1412 4688 Christi
1435 4661 1479 4676 -
1503 4617 1648 4695 Concio
1668 4621 1714 4695 de
1733 4618 1876 4712 nostro,
1902 4607 1955 4700 εἴ

294 4713 302 4726 ι
322 4737 474 4836 ,0641βί
487 4734 633 4810 sudore.
657 4777 707 4792 -
728 4731 926 4808 Meditatio
944 4730 990 4806 de
1017 4729 1187 4806 Pollione
1208 4732 1343 4830 Christi
1357 4732 1395 4806 in
1419 4733 1610 4810 Psalmum
1635 4735 1842 4814 XXXVII.
1867 4769 1937 4840 per

332 4857 513 4932 Joannem
530 4855 743 4930 Ludoricum
771 4853 896 4928 Vrbem.
912 4889 963 4914 ·-
979 4848 1121 4926 Omnia
1139 4849 1187 4924 ab
1205 4846 1285 4952 iplo
1302 4865 1435 4926 autore
1452 4853 1657 4952 recognita.
1680 4895 1726 4911 -
1742 4857 1934 4954 Lugduni,

387 4975 460 5050 Vol.
486 4973 538 5050 ΙΙ.
822 4966 829 4983 ’
977 5028 982 5036 ⁴
1608 4971 1645 5044 U
