4696 5860
379 643 400 721 4
657 671 658 679 κ
790 651 1029 710 carssosos
1056 646 1441 712 ersnooaarmcos.
1467 649 1560 708 nor.

377 827 501 900 turchi
514 825 756 902 Problemata
772 827 881 902 simul
890 827 1131 928 seriatimque
1142 827 1446 904 emendatissime.
1459 828 1523 902 sol.
1533 829 1602 916 82,
1616 829 1679 903 lin.
1696 855 1750 927 ¹7·
1761 829 1980 930 impressum

384 943 856 1044 Venetri'sperstlbem'num
877 943 1140 1042 Vercellerfi’m.
1152 947 1262 1020 MDl.
1273 945 1334 1021 die
1344 945 1451 1020 XVI.
1462 947 1555 1045 May
1571 946 1673 1022 Laus
1690 947 1788 1022 De0.
1798 985 1851 1008 ·-
1868 949 1980 1063 Char.

379 1062 440 1136 lat.
460 1061 536 1144 soll.
554 1062 612 1135 82.
630 1061 714 1160 fign.
734 1062 797 1136 lin.
820 1063 877 1136 58.
894 1063 918 1136 s.

418 1221 421 1228 ⁴
570 1201 699 1256 Panaeti
713 1201 818 1256 Annas.
839 1201 972 1289 Typogr.
995 1201 1030 1257 T.
1046 1195 1075 1256 8.
1092 1199 1193 1274 pase.
1211 1177 1254 1257 Ν.
1266 1200 1311 1259 63.
1332 1199 1435 1258 Editio
1452 1197 1704 1292 praesentimus,
1724 1217 1783 1258 tam
1807 1203 1904 1278 quoad
1930 1213 1980 1260 va‘·

668 1292 807 1348 urrstatem
823 1293 995 1374 &mactarit
1012 1311 1099 1367 quant
1115 1293 1240 1350 abactae.

479 1508 510 1578 7.
530 1521 576 1540 -·
592 1479 742 1588 Messala
758 1477 964 1554 secundum
984 1505 1133 1555 morem
1151 1481 1310 1556 Sanctae
1330 1482 1525 1558 Romanae
1546 1481 1726 1558 ecclesiae.
1745 1525 1795 1540 -
1823 1483 1926 1558 Haec
1950 1483 1988 1556 in

290 1661 298 1680 ‚
383 1596 664 1671 lronte—eod.
682 1597 746 1670 sol.
762 1595 796 1670 b.
824 1596 1009 1698 Sequitur
1025 1597 1154 1673 tabula
1173 1595 1309 1698 pasche
1325 1615 1519 1699 perpetua
1529 1615 1569 1673 et
1587 1598 1704 1674 facilis
1724 1597 1985 1676 fivecalenda·

384 1713 543 1787 rium—
556 1713 645 1790 dein
662 1715 790 1788 tabula
802 1730 1090 1788 contentorum:
1109 1713 1197 1788 dein
1213 1713 1277 1790 sol.
1300 1744 1328 1790 r.
1345 1716 1485 1814 signato
1505 1717 1582 1814 (cui
1601 1715 1812 1816 precedunt
1836 1719 1891 1792 16:
1907 1743 1988 1790 non

362 1831 539 1932 signata)
565 1830 699 1932 incipit
719 1829 815 1904 ordo
841 1829 988 1905 missalis
1010 1831 1123 1906 -ad
1145 1833 1262 1906 finem
1286 1833 1349 1908 sol.
1379 1833 1461 1906 238.
1491 1831 1555 1907 lin.
1576 1833 1633 1908 30.
1663 1833 1826 1934 explicet
1843 1832 1985 1908 Missale

384 1946 592 2024 secundum
601 1972 752 2023 morem
764 1948 958 2024 Romanae
971 1949 1162 2030 Eccleslae.
1187 1935 1639 2052 s'eanetri'sperslonnetum
1647 1952 1871 2024 Locatellum
1882 1977 1988 2050 pres·
2079 2001 2082 2006 -

387 2053 572 2165 byterum‘
587 2064 786 2166 diligenter
807 2065 1025 2166 impressum
1054 2069 1158 2142 1501.
1184 2065 1295 2144 Char.
1327 2068 1430 2168 goth.
1451 2093 1539 2140 cum
1553 2053 1648 2141 Lite
1672 2067 1877 2143 initialibus
1891 2067 1990 2168 glos-

390 2183 509 2284 slsque
527 2182 663 2258 rubris.
692 2181 815 2258 Notae
836 2183 1006 2258 chorales
1023 2183 1144 2259 textui
1160 2185 1358 2285 apposttae.
1393 2187 1423 2258 F
1425 2184 1485 2290 oll.
1504 2184 1586 2258 238.
1603 2184 1688 2284 fign.
1709 2183 1773 2258 lin.
1788 2185 1846 2259 35.
1872 2186 1907 2260 8.

582 2319 695 2377 Minna
712 2320 769 2378 hoc
785 2320 893 2392 nullibi
911 2323 1077 2378 semustum
1095 2339 1186 2378 unum
1203 2324 1347 2400 exprimis
1364 2321 1416 2380 elle
1429 2321 1556 2389 videtur,
1573 2321 1652 2396 quod
1668 2323 1799 2384 venetiis
1808 2322 1928 2416 prodist.

488 2512 574 2585 8.—
589 2513 739 2585 Boetius
755 2511 801 2586 de
810 2511 1077 2612 Philosophico
1089 2512 1302 2600 consolatu,
1314 2511 1387 2587 llve
1404 2511 1451 2587 de
1462 2509 1715 2586 consolatione
1724 2508 1990 2609 Philosophiae

396 2655 484 2702 curn
504 2630 634 2728 figuris
651 2627 890 2724 ornatissimis
907 2629 1059 2704 noviter
1072 2629 1271 2730 expolitus.
1286 2629 1451 2704 -Haec
1467 2629 1507 2703 in
1524 2627 1650 2710 sronte
1667 2627 1791 2702 -sol
1804 2626 1941 2703 eodem
1956 2626 1992 2700 b.

396 2746 606 2844 Regillrum
617 2745 893 2821 vocabulorum
903 2745 1795 2850 moraliumque-EpigramaSebastianiBrant
1806 2743 1993 2817 -Proae·

395 2862 702 2960 mium-figura
712 2863 813 2960 ligno
826 2861 938 2937 incisa
946 2865 1101 2939 Romam
1117 2861 1429 2966 representans-
1436 2865 1498 2939 sol.
1515 2889 1542 2938 1.
1553 2863 1614 2937 cui
1624 2863 1857 2963 praecedunt
1868 2888 1901 2960 9.
1913 2859 1989 2938 folt

398 3004 478 3051 non
489 2979 865 3077 signata-Mettum
875 2980 1155 3078 primum-ad
1167 2983 1283 3055 finem
1294 2981 1379 3054 libri
1392 2979 1515 3080 quinti
1524 2979 1659 3054 Prosae
1681 2976 1904 3052 sextaeFol.
1921 2976 1997 3048 126.

399 3097 462 3169 lin.
481 3099 538 3169 32.
560 3094 777 3194 impressum
795 3097 1020 3194 Argenteirae
1034 3127 1106 3200 per
1125 3098 1330 3174 labanum
1352 3097 1564 3193 Gmninger.
1592 3097 1707 3168 Anno
1727 3092 1995 3168 incarnationis

401 3212 546 3286 domini
561 3211 744 3288 Mileslmo
766 3213 1064 3312 quingentesimo
1088 3216 1215 3317 primo
1235 3212 1422 3288 Kalendas
1439 3235 1532 3286 vero
1548 3215 1651 3282 Vlll.
1677 3209 1925 3307 Septembris.
1941 3208 1996 3280 in-

403 3331 500 3430 stgne
518 3329 768 3430 Typographi
785 3371 834 3386 -
852 3331 965 3408 Char.
980 3314 1068 3408 Ἑεῑ.
1090 3333 1218 3432 grand.
1239 3345 1277 3406 et
1292 3326 1447 3404 minuse.
1472 3353 1559 3400 cum
1580 3323 1703 3423 glossis
1729 3321 1999 3423 marginalibus
2135 3325 2137 3330 ’

402 3449 478 3522 soll.
497 3447 556 3546 slg.
580 3449 657 3521 126.
677 3445 741 3520 lin.
766 3473 818 3546 ¹9·
841 3448 881 3520 in
896 3464 1016 3524 textu.
1034 3450 1096 3524 lin.
1115 3450 1172 3524 63.
1193 3449 1232 3521 in
1247 3445 1370 3546 glossis
1391 3443 1415 3517 s.
1463 3527 1467 3535 ι

592 3587 720 3642 Panzari
737 3586 861 3641 unna
879 3587 1009 3662 Typogr.
1022 3587 1065 3642 .'1'.
1084 3585 1111 3642 6.
1135 3605 1166 3660 p·
1176 3600 1219 3657 η.
1232 3585 1270 3639 N.
1282 3585 1310 3638 6.
1331 3581 1519 3637 Maioeaieiu
1531 3579 1565 3634 Τ.
1575 3593 1601 3636 2.
1612 3599 1640 3654 p.
1653 3571 1712 3652 ι48
1734 3577 1903 3634 Edicionsm
1921 3576 1995 3631 hane

573 3747 577 3758 Ι
688 3677 788 3749 in4to.
808 3677 939 3746 exhibet,
958 3677 1051 3734 mala!

499 3893 532 3966 9.
546 3909 595 3924 -
617 3867 856 3965 Comucopiae
865 3897 877 3938 .·
893 3866 1020 3940 Habes
1032 3863 1151 3939 amice
1159 3887 1204 3935 ac
1217 3855 1374 3934 studiose
1385 3858 1528 3934 Lector
1545 3837 1683 3960 insigne
1698 3859 1772 3948 boc
1789 3884 1886 3958 opus
1897 3882 2001 3930 com·

262 3989 266 3998 '
405 3983 683 4058 menteriorum
700 3981 847 4080 linguae
865 3982 1018 4057 latinae:
1035 3977 1139 4086 quod
1154 3977 1204 4051 ob
1221 3975 1449 4077 multiplices
1466 3992 1579 4076 atque
1594 3977 1722 4051 beatas
1737 3975 1947 4074 verborum
1963 3988 2002 4046 et
2019 4059 2025 4074 ι

404 4123 537 4171 rerum
553 4097 720 4184 divinas,
741 4125 833 4198 quas
857 4099 1027 4173 continet
1045 4091 1355 4194 praeclarill'unus
1374 4094 1454 4191 ejus
1474 4109 1608 4167 auctor
1625 4092 1871 4166 Reverendus
1892 4105 2002 4187 pater

408 4212 587 4286 dominus
598 4213 778 4294 *Nicotaus
795 4215 957 4288 Perottus
977 4211 1152 4314 pontifex
1167 4207 1375 4308 sipontinus
1387 4210 1447 4283 vir
1461 4211 1658 4306 Romanae
1677 4207 1872 4282 facundiae
1892 4221 1930 4278 et
1944 4221 2002 4278 to-

409 4327 486 4402 tius
515 4329 652 4404 latinae
678 4327 889 4404 subtilitatis
916 4331 1024 4406 facile
1049 4327 1226 4427 princeps
1247 4323 1513 4426 Cornucopiae
1532 4325 1747 4401 intitulavit.
1773 4325 1909 4422 Nuper
1933 4322 2004 4394 im·

413 4442 578 4546 pressum
599 4467 717 4540 opera
737 4443 957 4524 solertissimi
990 4443 1062 4522 viri
1077 4429 1393 4518 Jacote‘taailetti.
1421 4447 1477 4518 Ex
1495 4443 1674 4519 universis
1693 4438 2005 4542 praecedentibus

352 4595 353 4600 ¹
413 4558 695 4662 exemplaribus
703 4559 915 4656 castigatum
930 4581 968 4639 et
979 4581 1260 4659 nonnunquam
1268 4585 1315 4633 ex
1326 4559 1581 4658 originalibus,
1601 4559 1636 4644 sl,
1647 4557 1815 4656 quidque
1826 4555 2004 4652 frequen-

413 4679 488 4754 tius
497 4678 644 4762 accidit,
657 4675 795 4762 deerat,
810 4675 1081 4776 diligentissime
1092 4677 1305 4777 perfectum
1314 4689 1352 4748 et
1361 4675 1407 4749 ab
1417 4674 1522 4749 omni
1532 4673 1669 4748 menda
1681 4687 1904 4769 purgatum,
1918 4693 2018 4742 curn*

416 4811 523 4872 textu
532 4793 719 4872 Mamblrir
735 4807 925 4892 oportune
946 4795 1020 4872 suis
1033 4791 1177 4868 inlocis
1195 4791 1338 4885 adjecto
1348 4829 1399 4854 ο·-
1410 4789 1482 4862 etsi
1497 4790 1625 4888 plures
1640 4809 1823 4862 numeros
1838 4783 2007 4862 invenias
