4636 5878
731 669 971 734 elratoous
992 667 1367 734 arntroonarrucos
1392 675 1541 746 nnuvn
1860 691 1901 744 21
1908 693 1934 764 9

620 850 724 928 Haec
742 851 836 952 lege,
853 876 950 952 quae
972 849 1086 924 docto
1106 849 1176 924 tibi
1192 852 1371 926 Carmine
1386 851 1520 952 pandit
1537 851 1715 930 tubertus

713 967 799 1042 lunt
820 969 924 1042 ficta:
943 984 982 1042 at
1002 968 1098 1042 fictis
1117 993 1209 1044 vera
1224 967 1363 1044 lubelle
1385 967 1515 1046 solent.

618 1085 659 1159 Si
677 1111 759 1159 non
782 1084 995 1186 comperies
1016 1084 1141 1160 furiali
1159 1085 1234 1158 hoc
1251 1085 1405 1160 turbine
1421 1086 1609 1162 mundum

709 1201 874 1278 turbari:
896 1201 1035 1288 falsum,
1053 1200 1157 1302 quod
1177 1201 1279 1276 canit
1293 1201 1356 1276 ille
1370 1218 1494 1302 putes.

336 1323 497 1394 Viennae
512 1315 679 1415 Austnire
695 1317 811 1393 Anno
832 1345 854 1394 a
873 1332 1048 1418 reparata
1064 1317 1221 1393 humani
1245 1319 1393 1415 generis
1417 1320 1540 1396 salute.
1568 1321 1677 1396 M.D.
1687 1321 1792 1395 LVI:
1818 1349 1930 1398 excu-

328 1437 442 1512 debat
461 1435 626 1512 Mataei
639 1437 908 1542 Zamnermann
924 1477 965 1496 -·
981 1435 1086 1527 Haec
1105 1435 1146 1510 in
1167 1435 1360 1514 frontea-
1372 1435 1435 1510 fol.
1463 1464 1498 1512 2.
1522 1438 1756 1522 dedicatoria
1777 1441 1930 1540 epistola

326 1552 696 1628 HubertiLuetaniad
706 1549 1039 1654 splendidillimurn
1055 1550 1225 1627 senatum
1238 1553 1504 1654 populumque
1517 1555 1752 1653 lyntzenlem
1762 1599 1804 1616 -·
1819 1557 1882 1632 fol.
1894 1565 1928 1647 4.

327 1671 364 1746 b.
385 1670 569 1772 Sequitur
584 1669 889 1746 carmen-finit
914 1669 979 1742 iol.
998 1669 1058 1758 34.
1085 1667 1295 1746 excudebat
1318 1669 1485 1744 rothart
1507 1673 1787 1750 Zainmermann.
1815 1673 1928 1750 Char.

290 1824 293 1830 ·
329 1788 462 1889 grand.
482 1786 637 1876 121134.
658 1811 738 1860 non
756 1785 1007 1885 fign.1.26.4.

516 1927 635 1982 Desisti·
652 1923 1022 2000 nuehtruekergetehiatn
1046 1925 1155 1982 vtem.
1176 1943 1206 1999 p.
1225 1923 1289 1982 525.
1309 1923 1430 1998 11645.

991 2091 1270 2168 M.D.L.Vlll.

304 2255 310 2280 ¹
348 2271 362 2294 κ
417 2231 559 2328 674-
572 2229 819 2304 Gratulatoniz
835 2229 976 2330 aliquot
987 2231 1152 2302 camina
1167 2255 1189 2302 a
1205 2225 1361 2302 diverlia
1376 2227 1573 2304 autoribus
1585 2232 1794 2334 conscripta
1810 2235 1927 2308 inho-

324 2371 464 2424 norem
473 2345 644 2420 Andreae
660 2345 954 2420 DadiiBarlam'
968 2344 1216 2422 archiducalie
1228 2344 1375 2444 collegii
1386 2345 1531 2424 Prioria
1540 2364 1580 2422 et
1589 2348 1811 2424 Viennenfia
1820 2352 1928 2425 studii

321 2439 693 2564 pdofell'oriapublioi
708 2487 797 2536 cum
814 2461 935 2562 gradu
945 2461 1130 2537 doctorali
1146 2461 1396 2564 infigniretun
1411 2449 1750 2564 WiennaeAfflriae
1761 2469 1924 2544 excude-

320 2581 386 2656 bat
405 2581 579 2682 daphne!
595 2576 803 2676 Hofhalter.
824 2579 1112 2654 M.D.L.v.111.
1139 2579 1250 2654 Char.
1268 2579 1398 2680 grand.
1418 2581 1495 2654 foll.
1514 2581 1786 2682 8.lin.f01.flult.
1806 2611 1864 2659 22.
1888 2591 1921 2674 4.

513 2719 633 2776 Danieli
649 2715 1018 2794 Burhdrurlergelahiohte
1035 2718 1149 2778 wnm.
1165 2739 1197 2796 p.
1213 2717 1278 2776 656.
1297 2719 1339 2776 N.
1350 2713 1413 2792 564

993 2885 1199 2961 M.D.LX.

420 3023 563 3120 675-
577 3023 916 3122 Congratulationes
934 3022 974 3098 in
991 3023 1181 3100 honorem
1197 3024 1241 3096 ol.
1259 3048 1302 3098 ac
1313 3022 1412 3097 doct.
1424 3023 1498 3098 viri
1508 3023 1558 3100 D.
1566 3025 1719 3126 Georgii
1736 3023 1929 3102 Thanneri

321 3139 356 3214 J.
375 3141 425 3214 V.
442 3139 492 3214 D.
510 3165 555 3244 ar
575 3137 794 3239 prolelloria
821 3140 984 3242 inclytae
1001 3139 1215 3216 academiae
1239 3139 1458 3215 Viennenfis
1485 3139 1644 3246 scriptae
1671 3169 1714 3217 ac
1735 3142 1928 3246 dilcipulia

322 3255 534 3332 recitandas
553 3253 718 3330 traditae·
737 3285 759 3332 a
776 3256 989 3331 Baldazaro
1006 3255 1175 3332 Schutzio
1190 3257 1423 3358 Annebergio
1439 3259 1599 3332 Wiennoe
1615 3258 1783 3358 Austrr‘aa
1810 3287 1924 3336 excu-

316 3373 437 3449 debat.
457 3372 624 3447 Michasl
638 3375 910 3448 Zimmermann
932 3369 1141 3450 MLD.LX.
1165 3373 1228 3448 fol.
1257 3400 1291 3447 2.
1320 3374 1455 3474 incipit
1479 3391 1607 3448 tamen
1628 3375 1822 3478 elegicurn.
1849 3379 1925 3450 Ste-

312 3489 440 3590 phano
465 3491 623 3564 Ret'chel.
644 3489 821 3566 dicatum.
842 3488 1004 3564 finitlol.
1034 3495 1087 3579 ι4.
1120 3487 1184 3563 lin.
1213 3497 1272 3580 24.
1299 3489 1573 3566 declamatione
1599 3489 1768 3592 prosaica
1792 3491 1926 3569 Iacobo

317 3603 558 3705 Ebersdop‘er
574 3605 763 3706 inscripta.
781 3605 895 3680 Char.
914 3605 1067 3704 grandis
1085 3605 1165 3679 loll.
1190 3605 1325 3694 14112.
1347 3633 1406 3704 27.
1424 3614 1460 3696 4.
1620 3693 1626 3708 ι

509 3745 629 3802 Danieli
641 3729 1011 3818 Bueladrucltergelcliichte
1027 3743 1142 3812 Wiena,
1158 3763 1187 3820 p.
1206 3741 1270 3800 610.
1289 3743 1328 3800 N.
1345 3745 1408 3818 645.

864 3971 872 3984 -
979 3895 1247 4005 ’222221

415 4065 761 4166 676.-Eclogain
775 4063 928 4168 nuptias
938 4065 1078 4142 nobilia
1095 4095 1167 4146 nee
1181 4095 1260 4157 non
1270 4067 1412 4172 pietate
1424 4087 1537 4170 atque
1550 4029 1919 4151 doctrinaexcellen-

317 4185 366 4259 tis
385 4183 459 4260 viri
474 4185 522 4260 D.
546 4181 976 4286 caspadoeahffmo.
994 4182 1039 4259 11.
1065 4185 1358 4294 lmperratoriae
1377 4185 1575 4286 Majellatis
1603 4187 1704 4288 apud
1729 4213 1920 4294 cameram

321 4302 556 4378 austricama
575 4302 727 4378 secretis
746 4318 814 4378 etc.
837 4317 876 4376 et
893 4301 1013 4376 castill.
1034 4302 1192 4404 virginis
1211 4299 1372 4400 Rrfinoe
1390 4303 1439 4377 D.
1457 4303 1548 4376 loon
1567 4303 1720 4380 Broclni‘
1738 4305 1831 4380 civis
1850 4311 1920 4381 ete.

315 4419 466 4520 Scripta
490 4420 537 4495 ab
564 4421 713 4495 Andrea
736 4419 900 4520 Charopo
919 4418 1220 4520 langenleuleuse
1245 4420 1451 4498 Austriaco.
1475 4421 1635 4500 mannae
1655 4421 1824 4518 Austriae
1853 4450 1920 4498 ex·

311 4537 474 4612 cudebat
489 4537 656 4612 Michael
671 4539 941 4611 Zrinmermann
957 4537 1071 4610 Anno
1088 4537 1141 4611 M.
1151 4539 1198 4611 D.
1209 4538 1332 4613 LXll.
1346 4581 1387 4599 -
1403 4537 1508 4613 Haec
1536 4539 1576 4613 in
1595 4539 1721 4614 fronte
1738 4581 1784 4597 -
1803 4542 1867 4616 fol.
1890 4572 1922 4616 ι·

243 4681 246 4688 ·
312 4656 349 4729 b.
368 4653 483 4728 Pauli
496 4654 645 4729 Schedii
659 4639 769 4730 Ostro
786 4654 906 4729 franci
923 4654 969 4728 ad
985 4653 1164 4754 sponium
1184 4639 1442 4754 epigrama.-
1459 4653 1523 4729 fol.
1541 4682 1575 4730 2.
1598 4657 1920 4758 Epigramaauto-
1942 4667 1948 4673 ”

315 4772 369 4848 ris
383 4768 429 4848 ad
444 4771 730 4874 sponsum-in
749 4773 938 4848 Momurn.
956 4771 1019 4848 lol.
1037 4799 1069 4847 2.
1086 4773 1120 4846 b.
1138 4771 1289 4848 Schede't'
1300 4772 1482 4849 dillichon
1499 4773 1829 4874 comprehendens
1847 4801 1922 4850 nu·

1412 4981 1417 4990 .
1499 4908 1542 4984 'E
1568 4932 1630 4987 e'a
