4706 5868
366 613 415 712 93
766 641 1007 702 caraaoous
1033 623 1602 709 Blnmoomntcus,ttnxv11.

366 831 411 880 ca
426 805 501 882 hoe
519 815 580 899 elt,
598 815 758 914 elegans,
780 817 903 904 docta,
920 835 959 892 et
978 819 1075 892 mire
1092 817 1260 894 candida.
1278 817 1379 917 apud
1394 815 1478 890 incl.
1498 830 1578 889 tarn
1592 811 1787 912 Baszleam.
1800 852 1850 867 -
1867 809 1973 884 Haec

371 919 555 1003 in'lronte
567 930 683 1005 limbo
703 933 815 1008 inciso
832 936 1023 1013 adornata.
1035 937 1158 1010 -fot
1180 935 1264 1010 eod.
1284 935 1321 1009 b.
1341 932 1504 1036 Epistola
1522 928 1670 1027 Erosmi
1683 930 1918 1003 Roterodami
1930 927 1978 1002 ad

369 1043 515 1120 Guz‘lzel.
535 1047 728 1145 Nesenum:
754 1051 961 1156 subscripta
974 1056 1192 1155 Antverpioe
1211 1053 1310 1128 Non.
1330 1053 1434 1152 Sept
1457 1051 1559 1124 1516.
1578 1093 1624 1109 -
1644 1047 1728 1121 finit
1748 1046 1825 1119 foll.
1843 1051 1920 1119 1⁸22.
1938 1045 1975 1120 b.

369 1183 458 1235 curn
482 1162 610 1264 inlign.
634 1181 786 1267 typogr.
809 1185 849 1244 et
874 1170 974 1246 infra
997 1172 1166 1270 Basilina
1191 1169 1293 1269 apud
1320 1169 1531 1243 Frobem'um
1559 1164 1684 1240 menie
1710 1164 1836 1263 Aprili
1860 1165 1975 1238 Anno

371 1277 424 1350 M.
435 1278 483 1354 n.
493 1280 618 1356 xvn.
646 1263 759 1372 chal.
779 1287 839 1360 lat.
857 1288 987 1386 grana.
1008 1289 1087 1365 fou.
1105 1288 1189 1386 fign.
1214 1313 1291 1360 122.
1312 1286 1376 1360 nn.
1398 1312 1455 1384 29.
1480 1291 1514 1372 4.

565 1421 710 1478 famma·
727 1423 831 1480 Annel.
850 1427 983 1502 Typogr.
1001 1427 1037 1482 Τ.
1054 1425 1081 1482 6.
1097 1446 1126 1501 p.
1144 1441 1207 1481 200.
1224 1426 1263 1481 N.
1283 1420 1344 1481 283.
1370 1425 1471 1480 Μαίη.
1491 1423 1527 1478 Τ.
1538 1433 1567 1484 2,
1585 1441 1614 1496 p·
1625 1433 1688 1496 292·

469 1587 552 1662 285.
569 1631 619 1649 -
644 1590 1088 1693 Quamorpreo'ipuorum
1104 1590 1510 1692 doctorumfdugustim'
1522 1589 1661 1664 scilicet
1671 1589 1982 1690 HieronymiAm-

375 1701 489 1798 brosii
501 1721 539 1779 et
559 1707 733 1806 Gregorii
749 1726 882 1784 contra
902 1728 1068 1812 quatuor
1084 1711 1247 1786 hostium
1264 1735 1424 1807 genera,
1446 1707 1719 1786 Hereticorum
1739 1705 1897 1792 scilicet,
1912 1706 1982 1778 Ju-

377 1819 558 1910 deorurn,
578 1825 791 1900 Gentilium
806 1843 843 1902 et
856 1829 1078 1903 Demonum
1096 1827 1286 1902 ecclellam
1307 1825 1572 1926 ipungnantia,
1599 1823 1777 1925 opuscula
1797 1825 1870 1898 five
1894 1822 1984 1922 Epi·

376 1937 489 2012 stolae
514 1956 757 2040 91228202-
773 1945 878 2020 Haec
895 1945 935 2018 in
963 1939 1092 2019 fronte
1110 1970 1197 2018 curn
1217 1944 1326 2018 icone
1344 1959 1481 2044 typum
1503 1941 1675 2017 ecclesiae
1701 1941 1984 2042 repraesentan-

378 2071 427 2128 te.
444 2051 494 2115 -'-
511 2056 574 2131 fol.
599 2060 734 2136 16.1in.
760 2061 813 2136 13.
838 2062 986 2163 Lipsiae
1005 2062 1045 2135 in
1059 2060 1213 2136 aedibus
1240 2062 1428 2134 Valentini
1449 2060 1629 2133 Schumon
1658 2062 1773 2133 Anno
1802 2058 1984 2133 milefimo

381 2172 682 2272 quingentefimo
701 2178 849 2254 decimo
873 2180 1047 2282 septimo.
1065 2179 1168 2280 Sign.
1189 2178 1360 2277 Typogr.
1386 2179 1497 2252 Char.
1519 2179 1581 2253 lat.
1606 2177 1683 2251 loll.
1705 2179 1757 2252 16.
1781 2203 1860 2250 non
1880 2201 1985 2250 num.

378 2287 443 2364 lin.
467 2290 525 2392 39.
545 2297 579 2382 4.
1441 2295 1444 2300 ’

574 2431 677 2490 Editio
693 2389 835 2511 nusquan
851 2439 995 2495 recenfita.

473 2601 557 2676 286.
573 2647 620 2663 -
636 2591 858 2680 Paltonthea
877 2634 974 2708 opus
989 2605 1206 2686 suavillimis
1224 2609 1384 2685 floribus
1402 2623 1630 2684 exornatum
1650 2603 1901 2706 compofitum
1920 2625 1990 2702 per

382 2717 635 2794 Dominicum
652 2723 798 2797 Nonum
816 2724 1082 2812 Mirobellr'um,
1109 2729 1245 2802 Civem
1262 2725 1465 2803 Albenlern
1481 2726 1698 2826 artiumque
1721 2723 1920 2796 doctorem
1946 2717 1992 2792 ad

383 2857 633 2911 communem
651 2839 864 2913 utilitatem.
887 2883 936 2898 -
968 2843 1109 2916 Addita
1123 2871 1225 2918 nune
1239 2844 1411 2942 primurn
1429 2847 1477 2918 est
1494 2843 1609 2918 latina
1626 2837 1889 2940 interpretatio
1908 2826 1993 2909 ver·

382 2947 495 3022 fuum
509 2949 666 3037 Dontrir,
689 2970 728 3026 et
746 2955 985 3042 Petrorchoe‚
1005 2983 1102 3056 quos
1122 2958 1187 3056 ipli
1206 2958 1335 3033 Italico
1353 2959 1534 3038 idiomate
1554 2956 1870 3056 conscripserunt,
1893 2953 1933 3026 in
1951 2951 1994 3024 li·

385 3063 482 3138 bera
502 3069 717 3162 argentino,
747 3069 850 3168 apud
875 3071 1072 3144 Motthz'am
1103 3074 1338 3149 Schuren'um.
1358 3115 1406 3130 ·-
1433 3075 1538 3148 Haec
1562 3075 1601 3147 in
1626 3075 1752 3146 fronte
1776 3073 1846 3146 litt.
1874 3069 1994 3144 rubro

385 3179 485 3280 nigr.
501 3223 552 3240 -
566 3181 629 3258 fol.
650 3184 733 3258 233.
749 3186 785 3260 b.
812 3187 875 3260 lin.
898 3187 957 3261 36.
978 3187 1160 3262 Matthias
1185 3187 1395 3261 Scburmits
1418 3188 1657 3286 Argentorati
1680 3187 1868 3284 exscripllt
1894 3209 1994 3258 anno

387 3297 537 3400 domini
553 3299 606 3375 Μ.
617 3301 801 3377 D.XVll.
824 3302 951 3379 mense
968 3304 1165 3402 Augustae.
1183 3304 1520 3379 'ductu·Leonardz'
1535 3319 1574 3378 et
1594 3303 1716 3376 Lucae
1743 3299 1903 3396 Alansee
1922 3297 1997 3372 fra·

386 3431 503 3492 trum.
525 3417 676 3523 insigne.
696 3421 867 3520 Typogr.
890 3421 1002 3496 Char.
1021 3421 1125 3520 goth.
1147 3421 1224 3495 foll.
1241 3421 1323 3494 223.
1352 3421 1439 3520 lign.
1463 3419 1503 3492 in
1518 3435 1601 3493 toto
1621 3419 1702 3492 231.
1720 3417 1784 3492 lin.
1802 3417 1860 3491 68.
1880 3415 1905 3488 f.

582 3558 713 3613 Panaeti
727 3557 835 3614 Annal.
854 3560 987 3635 Typogr.
1007 3562 1042 3615 T.
1052 3559 1079 3616 6.
1098 3579 1128 3636 p.
1145 3555 1192 3616 85.
1212 3559 1250 3615 Ν.
1264 3555 1327 3636 489.

488 3744 572 3841 287.
588 3783 634 3804 ·-
653 3745 862 3820 Scarabeus.
887 3749 962 3820 Per
988 3747 1109 3845 Desid.
1143 3745 1332 3844 Erasmum
1361 3747 1637 3821 Boterodomum
1666 3769 1755 3820 cum
1784 3741 1933 3817 scholiis
1957 3741 1998 3814 in
2027 3701 2031 3704 -

392 3859 532 3962 quibus
549 3863 697 3938 Graeca
712 3863 964 3963 potillimum,
993 3893 1091 3967 quae
1111 3863 1242 3965 paffim
1266 3864 1406 3940 inserta
1420 3863 1522 3950 lunt,
1549 3878 1804 3963 exponuntur.
1817 3901 1870 3918 -
1893 3859 1998 3933 Haec

231 3972 236 3984 ¹
394 3977 436 4052 in
451 3978 578 4054 fronte
593 4021 643 4038 -
660 3979 723 4056 fol.
745 3990 804 4070 42.
831 3982 895 4056 lin.
910 4011 940 4079 7.
969 3970 1142 4079 Basileon
1164 3981 1266 4084 apud
1294 3983 1423 4055 loonn.
1446 3979 1657 4054 Frobemirm
1674 3975 1803 4052 Mense
1820 3977 1922 4076 Majo
1951 3977 1998 4048 A.

396 4094 451 4168 M.
459 4095 508 4172 D.
518 4097 643 4174 XVll.
663 4143 713 4158 -
733 4099 844 4174 Char.
867 4102 929 4174 lat.
945 4100 1073 4198 grand.¹
1093 4100 1170 4173 foll.
1188 4105 1246 4188 42.
1270 4098 1355 4196 lign.
1378 4097 1441 4171 lin.
1458 4124 1517 4196 29.
1542 4104 1577 4186 4.

591 4236 719 4293 eamn
732 4237 838 4296 Anno
856 4237 988 4313 rypoga
1006 4237 1079 4294 no.
1096 4256 1125 4312 p.
1145 4251 1209 4298 201.
1218 4237 1256 4294 n.
1274 4232 1338 4292 noe.

498 4419 582 4495 288.
607 4463 651 4480 -
673 4423 958 4498 Elucidatorium
986 4422 1269 4499 ecclefiasticum
1291 4421 1339 4498 ad
1368 4421 1543 4497 officium
1573 4421 1746 4498 ecclefiae
1770 4418 2002 4520 pertinentia

399 4539 549 4644 planius
568 4564 762 4639 exponens
779 4554 818 4614 et
834 4557 1001 4640 quatuor
1022 4542 1279 4640 complectens
1298 4555 1368 4614 etc.
1384 4582 1434 4599 -
1448 4539 1599 4614 Primus
1606 4567 1618 4626 ·,
1645 4540 1821 4638 Hymnos
1840 4539 1887 4612 de
1904 4553 2003 4612 tem-

402 4683 499 4758 pore
520 4673 563 4730 et
583 4655 738 4740 sanctis,
758 4681 829 4752 per
855 4671 982 4730 totum
1006 4659 1093 4731 anni
1111 4655 1295 4756 spacium,
1325 4657 1468 4754 adjecta
1485 4656 1748 4756 explanatione
1772 4655 1940 4729 declarat
1955 4695 2003 4712 -

403 4773 622 4863 Secundus,
646 4771 839 4848 Nonnulla
861 4773 1006 4848 cantica
1028 4773 1282 4860 eccleliallica,
1313 4773 1557 4873 antiphonas,
1582 4789 1621 4850 et
1646 4771 1901 4873 responsoria,
1928 4797 2005 4846 una
