4696 5860
943 596 1043 614 --
1092 555 1202 654 )ο(
1248 597 1357 618 --.
1715 487 1721 497 l
1856 572 1965 636 'xxix

366 719 533 875 prorsus
553 755 634 868 esi,
659 783 791 872 opera
808 762 851 846 in
870 752 981 846 hisce
999 751 1252 870 corporibus
1273 769 1315 842 et
1339 751 1663 850 collectionibus
1684 769 1885 849 contenta
1906 760 1967 848 se·

364 965 629 1076 paratimque
647 957 840 1074 impressa
856 983 1009 1074 magno
1031 953 1250 1071 dispendio
1272 969 1533 1071 comparare.
1568 953 1638 1046 2⁶⁰
1657 951 1803 1048 Locus
1825 957 1972 1084 phys·-

367 1185 439 1246 cus
458 1157 512 1246 ad
533 1125 737 1247 maiorem
756 1157 1018 1249 voluminum
1038 1155 1301 1246 selectionem
1322 1165 1540 1246 numerum
1558 1154 1850 1250 collocandum
1876 1157 1960 1246 sus·

365 1355 477 1465 sicit3
501 1353 582 1474 3⁸³⁰
599 1303 784 1474 denique
802 1362 945 1448 omnia
962 1361 1003 1445 in
1019 1353 1129 1446 hisce
1150 1351 1682 1475 collectionibos'dispersa
1699 1355 1965 1448 *miscellanea
2102 1449 2105 1455 Α

364 1553 440 1644 suo
459 1553 560 1645 loco
581 1555 807 1648 commode
822 1562 1107 1688 reperiuntur,
1131 1555 1434 1673 nequidquam
1451 1561 1708 1676 incognitum
1728 1587 1816 1646 ram
1825 1572 1962 1646 anast.

335 2035 339 2042 ,
453 1925 713 2046 Huieporro
731 1907 931 2049 catalogo
950 1889 1211 2049 systematice
1229 1928 1426 2018 ordinato
1448 1937 1574 2019 etiam
1598 1946 1821 2022 contentos
1838 1959 1962 2050 quos·

270 2233 286 2244 -
367 2153 535 2244 cunque
570 2135 612 2252 in
639 2136 742 2220 actis
769 2148 812 2220 et
825 2133 1143 2263 'commentariis
1173 2126 1263 2216 fere
1290 2132 1479 2217 omnium
1497 2121 1704 2248 Europae
1732 2129 1967 2221 academia·

368 2353 457 2414 rum
471 2343 676 2419 tractatus
697 2347 740 2420 et
761 2329 1069 2462 dissertationes
1092 2325 1266 2430 inserui,
1285 2328 1500 2447 persuasus
1522 2329 1762 2446 catalogum
1780 2327 1967 2420 hocmo·

374 2467 431 2613 do
452 2524 688 2618 instructum
712 2556 798 2619 non
821 2527 1017 2618 litteratis
1036 2524 1192 2633 solum,
1216 2525 1287 2613 sed
1306 2540 1349 2612 et
1367 2525 1462 2642 ipsis
1484 2520 1755 2615 bibliothecis
1775 2495 1875 2616 non
1890 2555 1965 2644 pa·

378 2753 468 2810 rum
488 2681 720 2814 “allaturum
746 2728 829 2813 esse
850 2723 1068 2833 utilitatis3
1095 2721 1258 2840 singulis
1277 2725 1476 2839 adeoque
1506 2729 1623 2869 annis
1655 2730 1735 2813 tria
1763 2726 1816 2813 ad
1843 2731 1964 2814 mini-

372 2903 484 3010 mum
508 2923 726 3014 volumina
748 2925 872 3044 ipsius
893 2869 1060 3013 edenda
1077 2923 1300 3041 proposui,
1329 2951 1422 3013 cunr
1448 2928 1556 3011 inter
1575 2938 1642 3012 tot
1661 2924 1881 3042 catalogos
1899 2922 1961 3013 bi·

357 3072 671 3212 bliothecerum
683 3126 899 3242 impressos
917 3153 994 3213 nec
1014 3149 1141 3213 unum
1159 3119 1375 3240 hucusque
1394 3126 1637 3232 invenerim,
1649 3130 1723 3240 qui
1742 3119 1800 3212 ob
1816 3122 1957 3212 desec-

253 3420 258 3432 ,
352 3332 441 3406 tum
477 3320 601 3410 huius
621 3324 804 3440 requisiti
828 3323 941 3440 quast
962 3320 1186 3411 essentialis
1209 3329 1320 3410 votis
1341 3329 1444 3410 meis
1464 3322 1750 3440 respondisset.

462 3688 593 3806 Quod
613 3694 829 3788 volumina
846 3693 1079 3815 posteriora
1108 3691 1231 3784 huius
1253 3689 1437 3808 catalogi
1461 3649 1787 3810 bibliographici
1814 3689 1954 3794 adhue

353 3893 567 4007 speciatim
586 3859 758 4001 attinet,
775 3923 970 3982 numerus
988 3890 1288 4010 exemplarium
1308 3889 1363 3978 ad
1382 3901 1574 3982 normam
1586 3890 1812 3981 voluminis
1833 3898 1949 4008 prio·

348 4098 405 4178 ris
433 4089 698 4180 centesimum
717 4117 803 4180 non
822 4091 1000 4179 excedit.
1030 4085 1247 4179 Sumtibus
1274 4093 1383 4178 enim
1400 4094 1584 4207 propriis
1610 4087 1695 4176 hoc
1723 4117 1832 4204 opus
1856 4117 1949 4204 per·

356 4287 579 4378 {iciendum
594 4291 778 4408 suscepi,
801 4305 847 4380 ut
875 4293 1026 4407 scopus
1047 4285 1349 4378 bibliothecam
1384 4285 1492 4378 hane
1522 4317 1648 4408 quam
1680 4289 1868 4378 citiliirne
1901 4296 1946 4379 in
2105 4313 2111 4319 ·

348 4488 536 4576 ordinem
549 4489 766 4608 redigendi
780 4494 1006 4609 attingatur
1015 4520 1031 4600 3
1049 4487 1103 4576 de
1116 4517 1212 4578 meo
1222 4489 1420 4608 adeoque
1430 4495 1599 4578 minime
1613 4485 1814 4612 sollicitus
1827 4516 1943 4606 emo·

350 4683 538 4778 lumento
568 4695 695 4778 etiarn
718 4687 879 4778 fructus
907 4689 1060 4779 exinde
1092 4687 1334 4779 resultantes
1364 4695 1622 4781 incremento
1652 4683 1937 4779 bibliothecae
2008 4739 2013 4752 ·
2074 4669 2076 4674 ¹
