4706 5868
782 359 830 396 Ψ

385 631 434 718 64
784 647 1024 708 caraaocus
1049 643 1425 705 nrauoonarmcus
1450 645 1592 704 unxn.

389 845 446 902 tes
455 827 590 928 populi
601 827 734 914 urbes,
748 828 887 913 maria,
906 826 1063 900 llumina
1074 826 1323 925 explicantur.
1337 827 1483 900 Graece
1494 823 1678 924 scripturn
1687 878 1696 912 ,
1706 823 1809 898 idem
1825 823 1989 897 allhem·

388 946 452 1018 ηἱο
466 944 711 1042 grammatico
728 929 970 1030 translatum,
987 942 1074 1017 salso
1091 944 1273 1017 hactenus
1292 941 1479 1040 Fufiano
1491 941 1737 1041 adscriptum,
1756 942 1794 1014 in
1812 968 1890 1042 quo
1901 967 1991 1041 pro·

389 1089 439 1162 pe
460 1062 621 1135 ducenta
638 1061 721 1134 loca
743 1061 1018 1160 castigavimus,
1040 1088 1136 1161 quae
1162 1078 1199 1135 et
1226 1061 1350 1138 Plano
1374 1077 1412 1136 et
1434 1061 1592 1162 reliquis
1620 1059 1848 1160 geographis
1870 1058 1989 1158 pluri-

388 1205 496 1252 mum
510 1177 830 1252 accomodabunt.
855 1178 894 1250 in
916 1177 1018 1251 idem
1033 1194 1302 1254 annotamenta
1319 1205 1545 1278 graecorum
1559 1205 1679 1254 more
1704 1178 1817 1252 latine
1834 1175 1989 1276 scripta,

388 1280 587 1396 inquibus
610 1293 754 1396 aliquot
778 1310 979 1369 auctorum
1004 1295 1258 1394 castigationes
1286 1297 1541 1372 continentur.
1558 1338 1605 1352 -
1635 1283 1754 1370 Coeli'i
1770 1295 1994 1391 Caleagm'm'

388 1414 592 1488 annotat'io'
609 1411 719 1510 super
745 1411 913 1496 anchiale
931 1399 973 1486 el
986 1411 1213 1488 Rhemniani
1236 1413 1412 1488 carminis
1432 1414 1681 1515 perfitatio—
1700 1413 1805 1486 Haec
1825 1411 1864 1484 iri
1885 1409 1988 1484 fron·

388 1548 484 1604 te-
501 1529 563 1604 fol.
585 1527 668 1602 eod.
685 1529 719 1601 b.
737 1529 898 1628 Epistola
912 1529 1127 1603 Machzbcln'
1142 1530 1188 1604 ad
1206 1533 1423 1606 Litteratos.
1441 1573 1492 1591 --
1510 1521 1573 1606 fol.
1593 1533 1649 1605 52.
1670 1531 1704 1604 b.
1724 1529 1788 1610 lin.
1807 1531 1865 1602 25.
1884 1529 1986 1601 loon.

388 1646 600 1722 Monachus
618 1645 787 1755 Bondeus
803 1645 1056 1746 imprimebat.
1082 1647 1253 1722 Feran'ae
1271 1649 1330 1723 die
1353 1650 1405 1723 18.
1417 1648 1642 1725 Decembris
1658 1650 1772 1722 Anno
1782 1645 1890 1720 MD.
1902 1645 1988 1718 Xll.
2114 1685 2116 1692 ·

391 1763 534 1838 summa
550 1791 637 1836 cum
659 1762 870 1864 diligentia,
894 1777 937 1837 ut
954 1781 1112 1840 caetera.
1140 1765 1251 1842 Char.
1275 1767 1334 1842 lat.
1355 1768 1485 1867 grand.
1512 1783 1550 1842 et
1568 1767 1707 1842 venust.
1727 1759 1803 1838 loll.
1830 1767 1887 1838 52.
1909 1789 1989 1836 non

392 1881 477 1980 fign.
505 1881 567 1954 lin.
585 1906 641 1979 29.
670 1887 702 1969 4.
1044 1964 1046 1967 .

580 2021 708 2100 Panzeri
723 2019 829 2075 Annal.
847 2022 980 2098 Typogr.
993 2023 1027 2077 T.
1038 2045 1066 2098 7.
1076 2044 1106 2097 p.
1116 2035 1142 2096 4.
1150 2023 1192 2082 N.
1202 2042 1229 2100 9.
1251 2021 1366 2079 Confer.
1375 2023 1436 2080 vol.
1448 2045 1473 2079 ι.
1483 2022 1571 2078 huius
1581 2021 1675 2077 Catal.
1686 2022 1725 2078 N.
1736 2033 1799 2094 ²¹7·
1812 2015 1875 2093 248.
1888 2015 1988 2092 273.b.

490 2230 568 2325 187.
579 2271 629 2286 -
643 2229 838 2304 Laurentii
856 2209 1019 2306 lsalle’de
1036 2231 1295 2330 lingualatina
1311 2234 1450 2333 optimi
1467 2231 1593 2306 meriti
1604 2230 1886 2330 Elegantiarum
1902 2225 1989 2300 libri
2070 2261 2076 2270 ·

387 2345 450 2431 lex
465 2388 513 2403 -
535 2373 624 2420 cum
641 2347 799 2422 Antonii
810 2349 1016 2424 Macouelli
1030 2348 1121 2423 lima
1138 2364 1176 2424 et
1194 2377 1282 2424 cum
1306 2352 1432 2426 lodoci
1451 2351 1568 2424 Bada·
1582 2346 1749 2446 Ascensii
1770 2345 1989 2446 epitomatis

388 2482 518 2540 etc-r
532 2463 676 2540 Addita
694 2466 857 2564 Epistola
871 2467 918 2540 ad
936 2468 1098 2542 lectores
1118 2483 1244 2542 etc-
1259 2470 1363 2558 Haec
1383 2469 1422 2544 in'
1444 2469 1628 2542 fronte-
1649 2465 1794 2542 accedit
1811 2467 1891 2566 poll
1912 2461 1989 2536 foll.

254 2642 260 2661 .
389 2583 471 2679 237.
486 2584 680 2656 Laurentii
699 2584 880 2681 Vallensi's,
896 2583 1120 2685 opusculum
1140 2613 1300 2661 aureum
1319 2587 1359 2660 in
1375 2586 1574 2662 Antom'um
1596 2583 1824 2680 Randensem
1841 2583 1917 2656 foll.
1929 2581 1987 2653 32.

279 2709 286 2744 l
389 2699 626 2797 Argentorati
639 2727 684 2772 ex
695 2699 850 2777 aedibus
861 2702 1029 2776 Mathzize
1039 2703 1344 2779 Schurert'menle
1356 2705 1497 2779 Martio
1510 2706 1625 2778 Anno
1639 2701 1773 2776 Chrilli
1782 2701 1834 2774 M.
1844 2701 1892 2773 D.
1901 2699 1987 2772 ΧΗ.

389 2843 477 2890 cum
494 2834 595 2891 nota.
613 2818 783 2916 Tempus
803 2817 970 2895 observa.
989 2822 1185 2920 Regnante
1196 2825 1431 2924 Imperatore
1441 2821 1706 2896 Mamim'lz'ano
1717 2821 1757 2894 P.
1769 2821 1808 2894 F.
1818 2819 1863 2892 Α.
1878 2817 1990 2891 Char.

387 2935 490 3038 goth.
507 2933 641 3032 glollae
660 2936 818 3034 margin.
840 2935 915 3012 foll.
938 2938 1024 3038 fign.
1042 2940 1125 3037 237.
1145 2954 1184 3013 et
1199 2939 1256 3013 32.
1274 2939 1313 3012 in
1332 2955 1415 3013 toto
1435 2965 1528 3014 vero
1550 2965 1632 3036 27⁰·
1650 2938 1780 3026 lin.42·.
1809 2944 1841 3025 4.

392 3059 397 3068 ⁵
576 3073 704 3128 Panzeri
721 3074 828 3130 Annal.
848 3077 981 3152 Typogr.
1001 3077 1037 3131 T.
1047 3075 1074 3132 6.
1094 3096 1124 3152 p.
1141 3077 1189 3132 55.
1209 3078 1248 3133 N.
1258 3089 1321 3152 247.
1342 3075 1506 3132 conletatur
1522 3075 1585 3131 vol.
1596 3097 1620 3130 1.
1635 3075 1722 3130 huius
1731 3075 1825 3132 Catal.
1837 3077 1876 3130 N.
1888 3077 1952 3148 254.

380 3253 382 3260 ’
486 3261 565 3336 188.
582 3303 631 3318 -
650 3263 813 3335 Suetom'i
834 3263 1044 3367 Tranquilli
1064 3263 1159 3339 liber
1184 3264 1381 3338 illustrium
1401 3263 1578 3338 virorum
1597 3305 1643 3319 -
1664 3261 1824 3336 Haecin
1849 3261 1986 3334 fronte.

284 3422 286 3432 ·
387 3406 475 3455 cum
490 3387 513 3468 4
530 3377 690 3454 distichis
704 3379 776 3454 Jul.
798 3380 908 3478 Besci
917 3381 963 3454 ad
979 3380 1179 3457 studiosum
1197 3375 1387 3458 Juvenem
1406 3377 1443 3455 S.
1463 3395 1501 3456 et
1519 3379 1565 3455 ad
1580 3382 1784 3453 Lectorem
1801 3394 1838 3452 et
1855 3377 1895 3450 in
1908 3377 1988 3452 lra:

386 3515 538 3597 tempus
556 3496 725 3570 observa.
745 3499 774 3569 F
777 3499 823 3571 ol.
848 3497 929 3573 eod.
948 3501 982 3572 b.
1003 3499 1206 3574 Machanei
1227 3501 1390 3600 Epistola
1414 3500 1461 3574 ad
1477 3499 1677 3574 Amadeum
1696 3497 1988 3594 Romagnanum
2041 3491 2046 3502 ’

386 3611 674 3716 Episcopum—
694 3614 756 3688 sol.
782 3621 839 3713 47.
863 3616 899 3690 h.
924 3616 987 3692 lin.
1014 3617 1071 3692 30.
1099 3618 1338 3716 Argentorati
1358 3643 1405 3692 ex
1431 3616 1585 3692 aedibus
1615 3615 1782 3692 Matutae
1808 3615 1993 3688 Schurerii

385 3731 511 3806 mense
530 3731 655 3832 Aprili
675 3731 789 3805 Anno
809 3735 860 3807 M.
874 3733 922 3807 D.
933 3735 1019 3810 Xll.
1044 3753 1235 3838 regnante.
1264 3737 1375 3812 Char.
1391 3736 1453 3814 lat.
1469 3733 1597 3836 grand.
1624 3748 1661 3808 et
1683 3731 1835 3806 minusc.
1853 3731 1988 3832 glollae
2115 3803 2117 3808 ,

387 3875 504 3950 marg.
524 3849 601 3924 foll.
621 3856 679 3948 47.
694 3875 773 3923 non
795 3849 881 3950 fign.
901 3852 963 3926 lin.
981 3869 1109 3929 textus
1128 3882 1185 3954 27.
1204 3871 1409 3930 comment.
1427 3855 1486 3954 39.
1511 3860 1545 3944 4.

579 3991 706 4046 Panaeti
720 3989 824 4044 Annal.
844 3991 977 4068 Typogr.
997 3993 1033 4048 T.
1042 3993 1067 4048 6.
1086 4014 1117 4068 p.
1128 3995 1174 4050 55.
1192 3995 1231 4048 N.
1240 3989 1303 4070 248.
1321 3997 1423 4052 Malu.
1435 3993 1497 4054 ind.
1510 3996 1549 4050 11.
1569 4013 1598 4068 p.
1611 3991 1674 4048 266.
1716 4037 1722 4052 .

453 4233 455 4236 ·
487 4199 620 4294 189·-
642 4197 791 4296 Dagma
810 4199 1017 4274 Moralium
1042 4200 1363 4302 Philosophorum
1384 4200 1652 4302 compendiose
1682 4215 1721 4274 et
1738 4197 1892 4272 lludiole
1912 4199 1990 4272 col-

384 4313 536 4388 lectum.
549 4350 595 4368 -
613 4313 716 4388 Haec
734 4316 773 4390 in
792 4317 977 4392 fronte—
992 4318 1056 4392 sol.
1076 4319 1158 4394 eod.
1169 4321 1300 4394 Jodoci
1313 4319 1680 4420 ChristoveiEpillola
1694 4316 1989 4426 adAGuilielmum

387 4427 550 4503 Parvum.
576 4429 613 4502 S.
634 4433 843 4529 praedicat:
874 4435 1018 4512 ordinis
1035 4436 1198 4512 Patrem.
1224 4437 1286 4512 fol.
1310 4439 1368 4512 26.
1389 4437 1452 4512 lin.
1476 4465 1505 4512 1.
1523 4437 1817 4536 Argentorutiex
1833 4433 1989 4509 aedibus

388 4545 640 4620 Schuren'unis
662 4546 788 4622 mense
813 4551 917 4625 Julici
943 4553 1057 4627 Anno
1089 4555 1142 4627 M.
1152 4556 1201 4629 D.
1214 4556 1300 4630 Xll.
1327 4543 1509 4654 regnante
1539 4553 1640 4630 Cael.
1666 4555 1768 4629 Max.
1782 4553 1823 4626 P.
1848 4551 1986 4646 lAug.

246 4663 249 4668 ’
389 4665 500 4738 Char.
520 4661 582 4737 lat.
599 4661 733 4762 glollae
751 4689 867 4764 marg.
891 4668 968 4742 foll.
982 4669 1068 4768 sign.
1086 4674 1143 4745 25.
1163 4672 1201 4746 in
1225 4688 1307 4745 toto
1327 4673 1383 4746 26.
1403 4671 1467 4746 lin.
1484 4671 1542 4745 38.
1569 4678 1603 4761 4.

579 4803 708 4868 Panaeti
722 4803 829 4860 Annal.
848 4805 981 4881 Typogr.
1000 4809 1074 4867 T.6.-
1086 4809 1170 4894 ωδ.
1190 4810 1304 4884 Nara.
