4694 5878
756 683 997 744 crrrtocus
1022 635 1397 740 rrauoonrimcus
1422 679 1498 737 no.
1863 689 1930 764 ¹99

618 882 688 920 avec
704 863 780 920 Jean
797 862 832 917 de
849 857 1025 925 (lancinant,
1042 862 1192 934 utriusque
1205 861 1277 940 juria
1294 853 1559 924 imnoductorium
1585 875 1620 912 en
1648 853 1727 913 2518.
1747 871 1775 913 et
1793 861 1860 913 c'ett
1877 876 1929 913 en·

531 963 534 968 '
618 958 705 1012 tiron
721 954 791 1011 dana
807 973 838 1008 ce
855 953 986 1020 tems-lit,
1005 973 1062 1026 que
1077 951 1160 1008 niitre
1177 951 1290 1007 e'dition
1301 950 1399 1026 parcit
1415 951 1501 1006 avoir
1517 949 1561 1006 όιό
1580 949 1650 1006 mile
1667 969 1706 1006 au
1722 953 1796 1030 jour.
1831 951 1929 1006 Caete-

613 1066 665 1113 ra,
691 1055 765 1120 qtrae
785 1047 910 1100 Clement
929 1065 964 1099 ex
985 1046 1127 1100 contentis
1144 1041 1335 1122 lingularibut
1357 1041 1446 1097 huius
1469 1040 1541 1127 libri
1561 1043 1708 1108 recenset,
1733 1058 1871 1116 tanquam
1895 1041 1932 1097 ad

614 1137 733 1213 scopum
748 1155 843 1192 meum
859 1155 917 1191 non
932 1138 1106 1210 pertinentia
1123 1135 1299 1192 amatoribus
1316 1135 1435 1190 criticae
1451 1131 1596 1208 relinquo.
1618 1135 1744 1210 Unicum
1761 1133 1847 1200 mihi,
1865 1153 1931 1190 oum

617 1228 652 1283 de
670 1227 864 1304 typographis
883 1227 1077 1302 parilieniibus
1095 1228 1146 1282 hic
1169 1227 1293 1299 loquor,
1314 1225 1408 1282 adbuc
1424 1225 1621 1282 annotandum
1636 1226 1727 1282 restat.
1749 1245 1785 1281 ex
1803 1228 1931 1281 Panaeti
1995 1237 2001 1248 '
2116 1229 2121 1240 “

611 1321 695 1376 enim
712 1319 865 1378 annalibus
881 1336 997 1394 typogr.
1017 1322 1101 1376 Tom.
1119 1341 1146 1394 7.
1166 1340 1197 1394 p.
1207 1335 1272 1393 290.
1291 1319 1328 1374 N.
1341 1335 1401 1374 122.
1418 1318 1585 1383 innotescit,
1603 1317 1688 1372 illum
1703 1319 1876 1374 Jannottam
1894 1317 1930 1372 de
1982 1373 1985 1380 ,

615 1414 726 1488 cample
738 1413 819 1485 ‚qui
834 1411 910 1468 mihi
927 1411 1081 1466 secundum
1098 1429 1195 1467 notam
1212 1428 1331 1465 numero
1341 1405 1387 1465 85.
1405 1409 1663 1467 buiusvoluminie
1681 1407 1833 1475 adiectam,
1848 1410 1932 1482 igno·

612 1521 664 1560 tut
684 1503 735 1560 ess'c
753 1503 927 1570 videbatur,
945 1503 1086 1578 Lugduni
1098 1505 1132 1560 A.
1148 1497 1228 1560 1508.
1248 1500 1419 1578 imprassiffe.

750 1847 877 1964 gsine
910 1845 1099 1944 Indicio
1131 1849 1262 1954 Loci
1285 1861 1335 1942 et
1364 1849 1510 1942 Anni.

422 2145 508 2220 633.
533 2185 584 2204 -
607 2144 858 2244 Dest‘nsonirm
868 2146 1139 2246 pnbr'legt'omm
1151 2143 1296 2242 jurium
1316 2142 1495 2217 fratribus
1515 2141 1695 2217 ordinum
1714 2144 1931 2220 mendican-

327 2263 426 2337 tium
441 2290 463 2337 a
478 2260 563 2338 sede
582 2263 782 2362 apostolica
797 2279 869 2363 per
888 2262 1018 2362 plures
1038 2285 1218 2335 romanos
1233 2259 1432 2360 pontifices
1448 2259 1704 2336 concellarum
1722 2278 1856 2336 contra
1875 2287 1934 2335 er·

328 2405 436 2454 rores
452 2394 496 2453 et
517 2379 790 2454 condemnatos
809 2379 989 2454 articulos
1013 2377 1257 2478 quorundam
1281 2377 1544 2476 magistrorum
1565 2392 1603 2451 et
1626 2387 1846 2452 curatorum
1874 2404 1933 2451 ec-

330 2495 525 2570 cleliarum
544 2494 832 2595 parochialium.
850 2535 896 2572 ·.··
914 2495 1020 2568 Haec
1037 2493 1077 2568 in
1091 2493 1217 2569 fronte
1239 2538 1286 2568 -.-
1306 2495 1369 2568 lol.
1388 2501 1445 2583 40.
1464 2493 1528 2568 lin.
1554 2495 1606 2566 15.
1625 2494 1780 2593 explicit
1798 2495 1931 2594 episto-

329 2612 365 2686 la
381 2611 629 2685 declaratoria
644 2629 682 2685 et
697 2609 908 2686 defensoria
922 2612 1068 2709 jurium
1085 2627 1122 2686 et
1139 2609 1430 2711 privilegiorum
1449 2610 1612 2685 fratrum
1630 2609 1810 2686 ordinum
1825 2637 1931 2686 men-

330 2727 539 2808 dicantium
554 2744 688 2802 contra
707 2727 894 2828 quosdam
910 2728 1090 2803 articulos
1118 2753 1300 2802 erroneos
1328 2743 1367 2802 et
1388 2727 1662 2804 condemnatos
1686 2727 1934 2828 quorundam

330 2844 595 2944 magistrorum
618 2860 656 2919 et
681 2860 899 2920 curatorem
922 2845 1160 2921 eccleliarum
1185 2842 1473 2944 parochialium.
1497 2843 1609 2920 Char.
1629 2843 1742 2944 {goth
1770 2840 1930 2919 medice.

330 2961 481 3061 grandia
496 2961 574 3035 foll.
595 2967 654 3050 40.
671 2959 734 3036 lin.
752 2961 810 3061 39.
829 2986 909 3036 non
923 2961 1048 3061 lignat.
1067 2969 1101 3052 4.

1071 3077 1086 3122 t

523 3132 651 3186 Panaen'
668 3107 773 3187 dunel.
791 3132 925 3208 Typogr.
936 3132 972 3188 T.
981 3142 1010 3206 4.
1025 3151 1054 3208 p.
1064 3141 1128 3206 427.
1149 3132 1187 3186 N.
1199 3143 1262 3206 427.

424 3369 507 3460 634.
523 3409 573 3430 -·
592 3371 736 3443 Samma
766 3371 920 3445 Ioannis
954 3371 1098 3444 Andrcc
1119 3361 1386 3470 compendiosa
1423 3386 1462 3443 et
1495 3370 1599 3444 utilia
1625 3368 1800 3445 ordinata
1816 3371 1929 3468 super

328 3485 490 3560 lecundo
515 3487 773 3560 decretalium.
797 3502 960 3562 tractans
981 3487 1028 3559 de
1047 3485 1218 3585 procellu
1242 3484 1440 3559 iudiciario
1459 3500 1573 3585 atque
1584 3486 1745 3581 juridice
1763 3485 1799 3559 sc
1818 3512 1927 3560 exer-

327 3629 413 3676 cere
429 3603 644 3677 volentibus
662 3602 807 3677 summe
825 3601 1084 3677 necellaria-
1099 3603 1162 3676 fot.
1180 3628 1213 3674 a.
1233 3629 1263 3675 a.
1280 3601 1392 3677 litter.
1411 3601 1541 3696 major.
1555 3601 1618 3675 ista
1638 3605 1686 3675 est
1703 3601 1849 3677 summa
1866 3604 1926 3675 lo-

328 3721 439 3793 annis
456 3720 626 3793 Andreae
649 3719 775 3793 brevis
796 3735 835 3793 ct
851 3719 955 3793 utilis
981 3713 1156 3794 ordinata
1174 3759 1220 3776 -
1239 3717 1301 3792 lol.
1313 3717 1346 3790 8.
1367 3717 1429 3792 lin.
1453 3721 1503 3791 ι8.
1523 3719 1679 3818 explicit
1694 3701 1852 3794 xsumma
1872 3721 1928 3794 Io-

328 3839 439 3907 annis
457 3835 602 3909 Andrec
624 3833 736 3934 luper
752 3834 916 3908 secundo
942 3835 1197 3910 decretalium.
1216 3835 1327 3910 Char.
1350 3835 1452 3934 goth.
1473 3833 1625 3909 minulc.
1645 3834 1718 3908 fine
1743 3838 1828 3908 cust.
1849 3835 1927 3909 1011.
1995 3817 1999 3824 ’

329 3947 415 4048 [ign.
426 3951 459 4026 8.
477 3951 540 4026 lin.
552 3951 609 4024 32.
626 3951 661 4024 8.
677 3949 768 4024 min.
786 3953 851 4024 Ea·
865 3953 1076 4026 collectione
1091 3952 1329 4027 Herbt'atana.

518 4131 670 4186 Panaenus
692 4131 725 4184 in
741 4130 846 4186 Annal.
867 4129 998 4208 Typogr.
1015 4133 1051 4189 Τ.
1062 4143 1089 4207 4.
1109 4125 1215 4208 poda.
1235 4131 1274 4188 N.
1286 4131 1350 4188 530.
1375 4131 1401 4192 J.
1424 4129 1499 4184 hanc
1517 4129 1673 4184 editionem
1700 4089 1925 4202 quontenio'co·

611 4221 732 4278 lonieuli
748 4221 891 4282 adscribit.

425 4460 508 4536 635.
525 4501 574 4520 -
591 4460 757 4536 Libellus
776 4462 1036 4538 dansmodum
1050 4465 1197 4564 legendi
1216 4430 1499 4540 abbrcriaturas
1516 4477 1584 4536 etc.
1603 4462 1665 4535 fot.
1678 4486 1710 4534 2.
1730 4459 1865 4563 incipit
1882 4462 1927 4535 li·

330 4577 464 4653 bellus.
480 4620 531 4636 -·
546 4577 594 4653 ad
609 4581 725 4654 finem
737 4579 802 4654 fol.
811 4581 870 4656 23.
887 4581 1068 4681 explicuit
1083 4581 1220 4656 modus
1237 4579 1384 4680 legendi
1402 4578 1685 4654 abbreviaturas
1701 4578 1741 4652 in
1758 4594 1935 4681 utroque

327 4695 421 4795 jure.
438 4695 558 4772 ‘Chan
574 4697 676 4796 goth.
694 4697 841 4775 101103.
858 4725 940 4774 non
950 4697 1040 4798 sign.
1055 4699 1118 4773 lin.
1138 4698 1238 4776 3r.8.
1258 4701 1322 4773 Ex
1338 4698 1547 4773 collectione
1557 4695 1794 4770 Maitona.

516 4856 660 4914 Danielus
675 4857 709 4915 ia
726 4855 888 4916 Annalibur
908 4857 1151 4938 Typograplricic.
1168 4877 1198 4936 p.
1210 4869 1272 4933 142.
1298 4857 1361 4920 aba.
1378 4847 1521 4933 arllslro.
1543 4876 1570 4914 a.
1590 4853 1696 4932 pluteo.
1720 4851 1809 4912 buitta
1830 4849 1926 4910 libelli
