4694 5878
692 615 930 676 eerucoous
956 613 1325 678 nrnuoenarmcus
1351 617 1570 678 unxxxur.
1865 607 1926 680 161

628 794 667 850 N.
677 795 722 850 32.
737 793 832 852 'editio
850 793 933 850 terrie
956 793 1117 860 rariffima,
1134 809 1232 870 utpote
1257 809 1384 852 coneus
1409 796 1446 852 ad
1463 811 1590 852 tenorem
1614 799 1881 875 Meuutcdptorum
1903 819 1932 861 et

538 919 541 930 ·
624 887 753 960 quinque
766 887 877 942 ultimis
894 883 977 942 libris
994 901 1086 941 aucta.

341 1055 347 1070 '
434 1059 515 1130 522.
535 1083 569 1129 α.
585 1088 635 1113 -·-
648 1053 889 1154 Horqscopiou
907 1053 1050 1154 Apa'aui
1059 1053 1230 1150 generale
1253 1051 1510 1152 digno‘scendis
1530 1057 1645 1136 Horis
1663 1061 1930 1168 cuiuscumque

339 1175 489 1276 generis
506 1171 751 1273 aptiilimum,
768 1197 854 1271 neq.
874 1169 910 1244 id
933 1195 980 1244 ex
1001 1169 1074 1243 sole
1092 1185 1240 1244 tantum
1257 1171 1439 1262 interdiu,
1473 1173 1537 1250 led
1554 1192 1592 1250 et
1615 1196 1733 1278 noctu
1746 1208 1804 1256 ·ex
1823 1182 1932 1276 luna,

342 1291 500 1391 aliisque
523 1289 685 1390 planetis
714 1304 752 1362 et
773 1285 882 1362 flellis
900 1285 1127 1387 quibusdam
1147 1287 1250 1374 fixis,
1279 1315 1356 1388 quo
1372 1319 1441 1392 per
1459 1293 1675 1370 universum
1703 1299 1936 1400 rhomanum

338 1405 544 1508 imperium
562 1422 675 1506 atque
693 1406 787 1480 adeo
809 1401 933 1478 ubivis
953 1401 1123 1500 gentium
1141 1403 1198 1476 uti
1219 1432 1351 1504 queas,
1376 1405 1547 1506 adjuncta
1566 1415 1734 1504 ratione,
1754 1445 1829 1519 qua
1848 1439 1929 1498 uta-

338 1525 411 1614 ris,
432 1523 728 1627 expeditillima,
746 1550 849 1602 nunc
869 1520 915 1596 ab
935 1519 1000 1593 illo
1014 1519 1184 1620 primum
1206 1538 1243 1594 et
1265 1521 1460 1600 inventum
1479 1545 1517 1603 et
1536 1529 1689 1609 editum.
1706 1579 1755 1594 -

345 1731 350 1742 ι
432 1643 503 1716 His
518 1641 662 1717 accedit
681 1638 957 1724 distantiarum,
986 1633 1248 1726 altitudinum,
1272 1655 1311 1714 et
1328 1641 1627 1737 profunditatum
1644 1679 1714 1753 per
1738 1655 1839 1732 idem
1855 1657 1929 1738 hoc

338 1759 626 1834 instrumentum
644 1754 963 1832 dimetiendarum
982 1754 1080 1829 ratio
1098 1756 1210 1854 longe
1230 1757 1495 1862 accuratiffima
1519 1781 1557 1838 et
1573 1766 1772 1866 ingeniola.
1784 1775 1933 1856 lSimili·

336 1865 395 1951 ter
412 1878 454 1950 in
466 1903 581 1978 quam
599 1873 839 1950 altitudinem
861 1899 959 1972 aqua
982 1872 1206 1984 naturaliter
1228 1873 1322 1948 citri
1338 1901 1452 1952 omne
1470 1878 1560 1955 artis
1576 1883 1812 1980 beneficium,
1829 1897 1933 1974 dein·

245 1997 249 2005 '
337 1995 383 2068 de
399 1987 541 2095 quanto
557 1975 752 2068 sublimius
770 1975 993 2088 scaturigine
1011 1987 1075 2064 lua
1092 1988 1322 2064 adminiculo
1340 1987 1429 2066 artis
1441 2022 1509 2094 per
1518 2005 1688 2082 cannales
1707 2007 1839 2092 deduci
1848 2017 1934 2116 poi·

337 2111 388 2188 fit.
400 2092 784 2210 -Nocturna'quom
801 2104 946 2182 adnexa
962 2111 1010 2180 est
1026 2101 1241 2181 observatio
1259 2107 1411 2184 horaria
1423 2127 1461 2186 et
1478 2112 1602 2212 digitis
1619 2111 1810 2216 manuum,
1829 2135 1933 2231 prio.

337 2229 369 2303 ri
389 2229 452 2304 illa
472 2213 570 2330 quae
595 2225 781 2332 superiori
809 2249 908 2300 anno
935 2223 1123 2298 unacum
1151 2222 1360 2324 quadrante
1382 2225 1482 2304 edita
1506 2235 1574 2319 est,
1610 2252 1692 2312 tum
1719 2252 1937 2348 promptior

337 2363 420 2420 tum
435 2345 658 2446 expeditior.
685 2385 737 2400 -
760 2343 864 2417 Haec
890 2340 930 2413 in
949 2341 1085 2452 fronte.
1107 2367 1195 2414 cum
1212 2342 1339 2416 tabula
1359 2345 1502 2419 zodiaci
1530 2353 1785 2434 meridionalis
1804 2405 1854 2423 -
1873 2368 1934 2446 sol,
1980 2419 1989 2434 .

337 2463 419 2536 eod.
453 2462 578 2562 privil.
608 2459 823 2535 caesareum
854 2501 904 2514 -
932 2457 995 2530 sol.
1024 2483 1058 2531 2.
1086 2457 1250 2556 Epistola
1270 2459 1536 2560 PetriAprani.
1558 2465 1604 2538 ad
1634 2473 1814 2552 Mathiam
1835 2484 1936 2560 Helii

338 2581 481 2664 Caesar.
497 2575 909 2688 Vice7Cancellarium
934 2613 979 2634 -·-
999 2573 1047 2648 ad
1067 2576 1183 2648 finem
1200 2575 1263 2648 foi.
1283 2601 1340 2648 21.
1359 2576 1421 2650 lin.
1437 2579 1496 2654 30.
1523 2585 1699 2662 excusum
1721 2593 1940 2697 Ingaistadii

336 2698 451 2771 Anno
468 2717 566 2770 curt.
593 2695 694 2770 1533.
715 2696 738 2768 f.
757 2694 834 2768 foll.
850 2715 907 2768 2ι.
925 2692 989 2768 lin.
1007 2695 1064 2766 50.
1085 2691 1148 2766 iol.
1174 2717 1201 2767 ι.
1216 2692 1250 2765 b.
1270 2719 1359 2766 cum
1376 2694 1482 2794 figur.
1508 2697 1530 2772 f.
1558 2735 1562 2743 ¹

527 2855 658 2913 Panaeti
673 2853 781 2916 Annal.
798 2856 931 2930 Typogr.
948 2853 983 2908 T.
993 2875 1021 2928 7.
1040 2853 1141 2929 pado.
1159 2851 1197 2908 N.
1213 2853 1259 2908 32.

263 3110 269 3126 ,
433 3042 816 3147 522.b.-·Speculum
827 3041 996 3144 lapidum
1011 3040 1196 3116 clarissimr
1208 3042 1348 3117 artium
1358 3043 1788 3139 etmedicinaedoctoris
1801 3065 1936 3150 Camil-
2032 3041 2043 3098 '.

334 3165 369 3235 li
381 3161 570 3240 leonardi
582 3163 806 3261 Pisaurensis
829 3201 882 3220 -
908 3160 1100 3265 Sequitur·
1121 3160 1275 3246 Valerii,
1287 3259 1292 3282 ‚
1306 3161 1506 3273 departiri
1519 3163 1740 3269 fifiureusis
1770 3183 1933 3286 physici,
2063 3241 2065 3246 ,

336 3279 578 3379 epigramma
616 3279 800 3377 Augustae
828 3278 1088 3352 Vindelicorum
1106 3273 1317 3352 excedebat
1331 3277 1510 3352 Heurz'cus
1527 3282 1679 3359 Srit'ceus
1698 3299 1821 3376 mense
1832 3305 1932 3405 Majo
2051 3363 2056 3372 -

336 3397 449 3482 Auno
468 3399 520 3470 Μ.
531 3399 579 3471 D.
589 3397 776 3470 XXXlll.
795 3435 843 3454 -
858 3396 1018 3470 Haecin
1035 3393 1161 3468 fronte
1184 3433 1229 3452 -·-
1256 3394 1320 3467 iol.
1345 3395 1428 3469 eod.
1450 3395 1484 3468 b.
1511 3397 1674 3498 Epistola
1697 3416 1861 3496 auctoris
1885 3424 1934 3499 ad

331 3511 547 3611 principem
576 3512 762 3610 Caesarem
779 3513 970 3614 Bergium.
988 3553 1038 3570 -
1060 3511 1124 3587 sol.
1150 3537 1179 3585 r.
1200 3511 1285 3612 fign.
1310 3533 1407 3611 opus
1433 3511 1564 3614 iplum.
1582 3559 1631 3576 -
1652 3522 1715 3598 fol.
1734 3527 1791 3627 67.
1810 3533 1845 3610 b.
1870 3539 1934 3617 lin.

332 3627 391 3701 32.
418 3627 464 3700 de
492 3629 657 3704 dracone
682 3657 823 3732 quaere
853 3629 1050 3731 luprafoi.
1069 3629 1127 3704 26.
1154 3629 1250 3703 finis.
1270 3667 1319 3686 -··
1342 3627 1405 3702 iol.
1428 3631 1486 3705 68.
1510 3657 1592 3708 non
1615 3637 1700 3738 lign.
1728 3653 1937 3734 excudehat

333 3744 512 3816 Henn'cus
533 3748 829 3937 Silliceup3Menie
848 3747 972 3837 Maio,
1000 3747 1088 3823 anni
1117 3730 1431 3822 MJDXXXIH.
1453 3745 1565 3825 Char.
1593 3753 1653 3830 lat.
1676 3757 1752 3836 loll.
1772 3768 1829 3864 67.
1849 3767 1955 3874 lign.¹

344 3885 399 3958 72.
421 3859 460 3933 in
476 3875 558 3934 toto
593 3859 641 3936 in.
712 3873 773 3955 ,4.

523 4015 652 4078 Panaeti
666 4023 772 4080 Annei.
791 4023 923 4102 Typogr.
944 4025 980 4082 Τ.
994 4023 1022 4081 6.
1041 4043 1071 4101 p.
1084 4021 1145 4102 169.
1157 4021 1205 4080 N.
1216 4023 1279 4080 256.

923 4235 1071 4338 Absque
1090 4233 1225 4336 riade‘cria
1246 4233 1347 4311 Luci.

427 4385 513 4460 523.
537 4425 587 4446 -
614 4385 827 4488 Phocylidis
842 4389 977 4467 Poetae
1001 4391 1104 4494 apud
1122 4395 1289 4468 Graecos
1308 4388 1799 4502 sapientiffimil’raecepta
1826 4421 1934 4496 etad

335 4530 462 4580 mores
484 4520 525 4578 et
541 4503 588 4579 ad
606 4504 725 4580 vitam
743 4505 1004 4584 instituendam
1020 4509 1186 4586 maxime
1200 4507 1409 4584 necessaria.
1426 4549 1474 4568 —
1496 4509 1734 4614 Gualplzaago
1754 4524 1931 4608 Anemaess

335 4624 625 4722 cialnterprete.
638 4663 690 4682 -
709 4625 804 4696 ltcm
821 4649 934 4699 aurea
951 4627 1135 4716 carmina,
1161 4653 1257 4728 quae
1277 4625 1472 4700 Philolaus
1487 4651 1533 4698 ex
1549 4628 1683 4704 mediis
1703 4634 1931 4740 Pythagorae
2078 4655 2081 4666 '

334 4739 549 4840 praeceptis
568 4739 738 4840 collegit,
756 4738 891 4814 eodem
913 4740 1141 4842 interprete,
1170 4770 1259 4819 cum
1280 4742 1395 4820 variis
1414 4741 1718 4843 Epigrammatis.
1736 4797 1779 4814 -
1800 4760 1932 4843 f01,16‚

389 4877 479 4954 Vou.
499 4878 550 4954 ιι.
1333 4872 1339 4878 ’
1396 4957 1409 4982 ,
1508 4865 1511 4870 ’
1611 4878 1650 4952 Χ
