4694 5878
372 660 445 754 194
721 676 962 736 etratooos
986 675 1363 736 ottuoottaerucus
1390 677 1659 740 mccccxcvtl.

345 848 607 962 Ι(1221222122
627 852 809 954 loquendi
827 872 866 929 et
878 855 1026 930 tacendi
1046 855 1091 931 ab
1104 855 1302 931 Alberlano
1329 817 1512 932 causidicis
1524 855 1692 930 Brixenli
1704 855 1751 928 ad
1769 856 1979 934 instructio·
2093 846 2098 855 ¹

368 993 459 1042 nem
476 969 646 1044 filiorum
664 969 820 1046 suorum
835 973 1063 1073 compositus
1082 972 1277 1072 impressus
1297 1000 1340 1049 ac
1365 975 1493 1050 finitus
1509 971 1676 1048 calamae
1694 974 1810 1047 Anno
1830 975 1976 1050 domini

368 1084 564 1184 virginalis
597 1104 729 1187 partus
753 1090 949 1164 millesimo
972 1091 1076 1193 quod
1096 1090 1365 1190 ringentellmo
1394 1089 1507 1192 super
1532 1090 1773 1190 nonageslmo
1806 1089 1975 1192 septimo.

370 1201 481 1278 Char.
501 1205 605 1304 goth.
621 1231 710 1280 cum
732 1205 817 1306 fign.
834 1207 911 1282 soll.
934 1235 986 1281 ιι.
1004 1234 1083 1282 non
1104 1207 1190 1306 figo.
1208 1209 1270 1282 lin.
1290 1209 1348 1283 36.
1367 1215 1402 1298 4.

563 1342 692 1400 Ραηιινί
704 1345 809 1400 Annal.
829 1347 960 1426 Typogr.
981 1347 1014 1400 T.
1028 1367 1052 1402 1.
1075 1347 1114 1403 N.
1132 1363 1196 1422 292.
1219 1347 1322 1406 Maste.
1341 1367 1370 1424 p.
1388 1345 1452 1420 644.
1473 1345 1612 1420 Denisius
1629 1347 1661 1401 in
1680 1344 1772 1422 suppl.
1790 1323 1864 1402 ΙΙ112.
1883 1347 1979 1424 plures

657 1435 746 1492 buius
766 1451 901 1494 crematus
920 1437 1060 1494 editiones
1078 1439 1209 1495 recenset.

989 1607 1042 1681 Μ.
1056 1606 1362 1679 CCCCXCVlll.

468 1743 550 1814 622.
567 1782 615 1799 -
629 1742 786 1840 Egrilrits
804 1743 851 1818 de
866 1742 1051 1843 regimine
1069 1725 1288 1845 principum
1308 1789 1348 1802 -
1367 1743 1471 1818 Haec
1490 1743 1528 1816 in
1550 1744 1745 1818 fronte-
1764 1745 1979 1822 121212.-

376 1859 530 1930 Olri’erri'
552 1857 669 1931 Servii
685 1858 836 1960 epistola
852 1859 899 1934 ad
919 1861 1110 1958 Georgium
1137 1861 1464 1961 archiepiscopum
1493 1861 1770 1961 Uliapoaensem
1793 1906 1838 1921 -
1859 1863 1927 1938 sol.
1944 1889 1979 1936 2.

373 1975 523 2050 Tabula
538 1991 818 2062 contentorum.
837 1977 901 2052 fol.
923 1979 955 2052 5.
975 1976 1114 2078 incipit
1127 1978 1223 2053 liber
1244 1977 1392 2079 primus
1415 1978 1462 2052 de
1485 1978 1671 2078 regimine
1687 1979 1916 2080 {principum
1930 2021 1980 2038 -·

370 2093 456 2168 finit
473 2094 538 2166 sol.
560 2093 637 2183 234.
661 2093 723 2168 lin.
747 2122 800 2195 ¹9·
823 2121 911 2170 cum
932 2096 1043 2170 tertia
1062 2113 1170 2195 parte
1188 2094 1274 2170 libri
1290 2095 1393 2170 tertii
1413 2095 1459 2170 de
1478 2097 1664 2196 regimine
1679 2097 1899 2197 principum
1909 2113 1979 2172 etc.

371 2209 591 2311 impressum
615 2212 772 2286 Veneriis
792 2240 862 2313 per
878 2215 1093 2314 magistrum
1109 2217 1288 2287 Simonem
1306 2213 1544 2316 Beeilaquom
1558 2214 1768 2314 Papreostm
1786 2215 1900 2290 Anno
1913 2215 1980 2288 ‹lo-

371 2328 467 2402 mini
477 2327 661 2402 Milefimo
682 2328 1117 2404 CCCCLXXXXVlll.
1141 2331 1201 2406 die
1217 2355 1317 2405 nova
1336 2319 1469 2405 menlls
1486 2330 1578 2407 Julii
1596 2331 1724 2406 addito
1736 2333 1891 2430 registro
1904 2350 1979 2406 ter·

369 2446 526 2521 niorum
543 2445 605 2520 lin.
619 2445 676 2518 28.
695 2446 1160 2547 Chanromanusjgrandis
1177 2446 1391 2547 splendidus
1410 2464 1448 2523 et
1465 2473 1535 2547 per
1552 2464 1677 2522 totum
1689 2450 1867 2549 aequalis,
1886 2475 1975 2524 cum

375 2563 460 2663 sign.
481 2563 557 2638 soll.
583 2563 660 2651 234.
679 2589 759 2636 non
780 2590 885 2639 num.
907 2566 970 2638 lin.
995 2572 1053 2655 44.
1071 2566 1093 2639 s.

568 2705 697 2759 Panaeti
715 2703 817 2760 Annal.
836 2703 968 2781 Typogr.
985 2706 1019 2759 T.
1030 2707 1059 2760 t.
1075 2725 1105 2779 p.
1116 2705 1179 2778 433.
1198 2705 1236 2761 N.
1249 2705 1329 2776 2343.
1347 2753 1350 2760 .

469 2871 552 2944 623.
578 2912 629 2930 -
659 2874 788 2975 Qua'nti
802 2874 953 2950 Horatii
962 2874 1090 2948 Flacci
1104 2901 1256 2950 carmen
1273 2873 1447 2950 seculare.
1468 2919 1513 2936 -
1532 2875 1637 2950 Haec
1656 2875 1695 2948 in
1713 2873 1899 2960 fronte-
1918 2873 1981 2948 sol.

375 3017 410 3064 2.
428 3015 582 3063 carmen
597 2988 761 3064 seculare
779 3033 825 3048 -
843 2990 866 3064 s.
886 2999 919 3080 4.
941 2991 1005 3065 lin.
1030 3019 1082 3064 ιι.
1101 2991 1277 3064 carminis
1297 2989 1473 3065 secularis
1491 2979 1656 3066 finisj-
1688 2991 1752 3066 sol.
1769 2993 1850 3067 eod.
1872 2992 1908 3065 b.
1928 2989 1981 3064 se·

377 3106 509 3209 quitur
525 3107 815 3184 JacobiSeutim'
830 3108 1021 3182 ticinensis
1039 3109 1085 3182 de
1110 3107 1340 3207 quibusdam
1368 3106 1482 3180 liricis
1504 3109 1735 3182 carminibus
1757 3109 1983 3184 tractatulus

377 3241 416 3302 et
433 3225 561 3326 primo
576 3225 762 3324 praefatio
774 3267 824 3282 -
843 3225 927 3298 finit
943 3224 1005 3297 sol.
1025 3225 1058 3298 6.
1075 3224 1139 3300 lin.
1160 3249 1218 3322 29.
1237 3222 1320 3297 vale
1339 3222 1580 3296 ricinenlium
1599 3209 1878 3297 adolescentum
1899 3223 1985 3298 uni-

376 3369 465 3418 cum
485 3342 599 3417 decus
625 3358 664 3418 et
683 3358 961 3417 ornamentum.
990 3341 1103 3415 Char.
1121 3341 1224 3440 goth.
1242 3340 1282 3414 in
1300 3337 1467 3414 carmine
1493 3339 1641 3438 elegans
1665 3338 1776 3437 largis
1794 3341 1918 3438 spatiis
1937 3382 1988 3397 -

379 3461 420 3534 in
435 3459 546 3561 prosa
562 3459 777 3534 ordinarius
798 3486 878 3534 non
893 3457 1098 3557 interjectis
1117 3456 1244 3560 spatiis
1265 3458 1341 3536 soll.
1360 3458 1393 3531 6.
1411 3483 1491 3530 non
1509 3455 1595 3556 figo.
1618 3483 1671 3554 ¹7·
1694 3455 1735 3530 in
1751 3455 1843 3530 vers.
1862 3457 1919 3531 33.
1941 3457 1982 3530 in

378 3577 499 3678 prola.
516 3578 658 3679 absque
675 3576 816 3652 indicio
835 3576 908 3652 loci
934 3593 972 3652 et
990 3577 1089 3652 anni.
1109 3582 1143 3667 4.

570 3717 720 3772 Panaenus
741 3716 775 3770 in
790 3715 895 3772 Δ2221.
912 3717 1046 3792 Typogr.
1067 3716 1102 3770 Τ.
1116 3734 1139 3770 ι.
1162 3733 1191 3790 p.
1208 3716 1271 3790 492.
1289 3714 1327 3770 N.
1342 3713 1402 3788 169.
1421 3711 1497 3769 bene
1514 3711 1672 3769 editionem
1688 3707 1806 3788 Lipsiae
1822 3711 1927 3770 lecum
1950 3711 1986 3768 ad

659 3827 775 3888 prum
792 3803 872 3884 2498.
890 3807 996 3876 refert,
1012 3809 1145 3882 quemvis
1165 3805 1325 3883 exemplari
1342 3804 1453 3862 nostrae
1476 3803 1669 3862 bibliothecae
1685 3803 1766 3861 locus
1781 3822 1809 3861 et
1825 3823 1916 3861 22222
1933 3805 1987 3860 im·

667 3901 816 3978 preffionlt
831 3900 906 3956 defit.

467 4075 563 4165 624.
591 4111 636 4128 -
661 4069 846 4170 Epistoiae
866 4067 1082 4142 Phalan‘dis
1102 4092 1172 4167 per
1189 4066 1415 4164 Franczscom
1432 4065 1620 4152 Areubum
1635 4065 1989 4140 traducta-Haec

388 4190 428 4263 in
442 4189 568 4263 fronte
586 4225 636 4245 -
654 4211 743 4260 cum
762 4186 925 4285 imagine
942 4181 1225 4284 representante
1247 4183 1521 4283 imperatorem
1542 4181 1735 4283 sceptrum
1762 4199 1801 4257 et
1821 4181 1989 4282 gladium

223 4323 228 4336 ·
383 4306 425 4378 in
441 4304 615 4380 manibus
638 4304 852 4378 habentem.
874 4345 920 4360 -
939 4300 1003 4376 fol.
1027 4329 1055 4376 1.
1075 4291 1110 4372 b.
1131 4299 1283 4400 epistola
1298 4299 1484 4376 Iohannis
1501 4299 1662 4408 Hortarii
1686 4300 1803 4400 Crispi
1826 4299 1991 4372 cubricu-

371 4425 434 4520 sis
453 4422 604 4522 epistola
620 4419 666 4494 ad
679 4419 988 4496 lectorem-sol.
1007 4419 1040 4494 3.
1052 4418 1087 4491 b.
1100 4417 1299 4491 Aretziiiin
1309 4417 1525 4491 Phalaridis
1537 4416 1707 4518 epistolas
1722 4417 1990 4517 proemium-

384 4540 449 4616 sol.
471 4542 503 4612 5.
520 4538 555 4610 b.
578 4537 752 4636 epistolae
769 4580 819 4595 -
835 4537 1016 4613 adfinem
1035 4535 1099 4610 fol.
1118 4535 1176 4624 43.
1195 4537 1230 4610 b.
1256 4536 1318 4611 lin.
1344 4537 1396 4610 16.
1421 4533 1640 4636 impressum
1659 4532 1806 4636 Lipsiae
1831 4558 1901 4634 per
1924 4533 1991 4605 Ja-

389 4657 512 4735 cobum
538 4653 712 4728 Thaoner
725 4653 1030 4754 herbipolensem
1048 4681 1148 4730 anno
1171 4651 1650 4728 MCCCCLXXXXVlll.
1668 4650 1729 4726 (lie
1744 4648 1988 4738 veroultimo

391 4779 494 4878 May.
514 4773 627 4848 Char.
644 4772 745 4870 goth.
766 4795 854 4844 cum
870 4770 957 4870 sign.
976 4771 1155 4852 rubricat.
1172 4770 1308 4844 rubris.
1330 4770 1483 4860 101143.
1503 4796 1582 4844 non
1602 4769 1687 4870 figo.
1703 4770 1767 4847 lin.
1783 4767 1840 4844 33.
1862 4773 1895 4856 4.
1930 4827 1937 4839 .

580 4892 712 4950 samri
727 4887 832 4948 sinu.
851 4889 983 4965 rypoge
1004 4891 1039 4946 r.
1053 4909 1077 4948 t.
1094 4889 1196 4966 pan.
1215 4889 1253 4946 u.
1267 4887 1325 4962 ηε.
1345 4887 1449 4952 unu.
1464 4889 1538 4963 app.
1559 4906 1588 4962 p.
1604 4887 1667 4960 ⁵4⁵·

492 5632 739 5846 Τ.
