4706 5868
375 613 422 688 68
774 629 1014 688 carilocus
1041 627 1416 694 ntntroonarrncus
1441 631 1598 690 uuxrn.

375 807 515 896 3041..
544 806 672 880 Petrus
695 807 1003 904 Lichtenstez'n-
1021 807 1102 884 eiua
1129 808 1268 908 insigne
1295 825 1446 909 typogr.
1476 809 1768 909 rubro-nigrum
1794 837 1883 885 cum
1898 811 1981 887 sub·

374 925 581 1024 scriptione
595 925 627 999 3.
644 924 817 1000 Januarii
843 926 898 998 M.
911 926 959 999 D.
972 924 1077 998 Xlll.
1111 927 1276 1001 Wnetrib.
1302 927 1413 1002 Char.
1435 927 1537 1026 goth.
1559 953 1647 1002 cum
1667 929 1774 1027 figur.
1802 929 1877 1004 soll.
1898 930 1980 1021 304.

378 1069 457 1117 non
472 1042 559 1141 sign.
576 1041 639 1116 lin.
663 1041 722 1116 sol.
739 1040 865 1142 primi.
887 1049 945 1131 4ο.
972 1050 1014 1146 4.,

565 1181 694 1237 Panzeri
710 1179 815 1238 Annal.
838 1181 969 1258 Typogr.
988 1183 1022 1238 T.
1032 1177 1061 1238 8.
1080 1199 1109 1258 p.
1119 1182 1183 1246 ⁴15.
1206 1183 1243 1237 N.
1254 1181 1319 1237 635.

470 1351 548 1448 195.
559 1349 913 1450 -Sequentiarum
929 1349 1120 1424 luculenta
1129 1347 1441 1449 interpretatio·-
1451 1349 1541 1425 dum
1555 1347 1786 1441 scholasticis,
1798 1351 1858 1427 sed
1868 1371 1906 1430 et
1917 1381 1976 1429 eo·

375 1463 576 1541 cleslaflicis
595 1466 751 1564 cognitu
768 1465 969 1542 necessaria
987 1492 1057 1566 per
1071 1467 1178 1576 Joan.
1191 1461 1395 1566 Adelphum
1412 1467 1885 1569 PhystcumArgentinum
1905 1473 1981 1545 col-

377 1584 473 1657 lecta
486 1583 602 1656 Anno
621 1583 781 1656 Domini
800 1583 1025 1658 Mutttlt.
1043 1626 1093 1641 -
1112 1584 1216 1658 Haec
1235 1583 1275 1656 in
1301 1583 1428 1658 sronte
1448 1583 1579 1688 lymbo
1605 1587 1733 1675 incisa3
1753 1615 1842 1663 eum
1859 1589 1984 1662 Privi-

377 1700 475 1800 legio
488 1745 533 1762 --
552 1700 615 1774 sol.
636 1700 836 1776 eodem-
860 1701 1023 1800 Epistola
1049 1701 1155 1775 Joan.
1186 1699 1352 1800 Adelpbi
1372 1700 1420 1774 ad
1444 1701 1578 1777 Joann.
1599 1705 1739 1778 Eurum
1755 1706 1801 1780 ab
1822 1705 1984 1778 Enbeim

380 1834 448 1892 etc.
471 1862 517 1879 -
544 1817 608 1891 sol.
634 1817 711 1890 136.
732 1817 795 1890 lin.
827 1820 885 1907 45.
914 1816 1130 1919 sequentiae
1156 1843 1244 1890 cum
1266 1815 1340 1892 suis
1367 1819 1684 1918 explicationibus
1705 1823 1980 1923 expliciunt-
2104 1850 2106 1856 ¹

379 1936 490 2036 Cbar.
513 1936 616 2034 goth.
643 1934 683 2009 in
711 1950 818 2011 textu
846 1934 974 2034 grand.
997 1936 1037 2010 in
1057 1944 1193 2010 comm.
1220 1932 1374 2009 minusc.
1395 1935 1529 2034 glossae
1547 1963 1664 2036 marg.
1680 1938 1756 2012 soll.
1787 1939 1862 2012 136.
1891 1939 1976 2038 sign.

380 2054 443 2128 lin.
458 2054 515 2142 46.
542 2059 575 2143 4.

572 2193 701 2247 Panaeti
716 2191 822 2246 Annal.
846 2191 978 2266 Typogr.
1003 2193 1039 2252 T.
1049 2190 1076 2246 6.
1095 2211 1123 2265 p.
1134 2185 1180 2254 58.
1201 2189 1239 2244 N.
1249 2202 1313 2264 279.
1328 2209 1380 2264 pet
1394 2193 1502 2247 Joann.
1522 2192 1691 2248 Knoblaueh
1709 2192 1848 2267 impressa.

479 2361 614 2459 1961-
636 2359 853 2458 Peregrinus
873 2358 1071 2433 doctissimi
1090 2359 1226 2433 Sacrae
1244 2358 1479 2457 Theologiae
1500 2359 1668 2433 doctoris
1685 2361 1839 2434 loannis
1861 2363 1985 2435 Geilcr

379 2477 649 2582 Kaystrrsbergzi'
661 2477 940 2551 concionatoris
958 2475 1238 2576 Argentinensls
1249 2475 1524 2550 celebratissimi
1546 2476 1711 2551 asacobo
1734 2479 1865 2554 Othero
1885 2478 1989 2554 disci-

383 2598 474 2696 pulo
492 2595 556 2669 suo
575 2597 778 2694 congestus.
805 2596 910 2669 Haec
939 2595 978 2668 in
995 2595 1178 2670 fronte-
1202 2592 1264 2666 fol.
1287 2621 1315 2667 1.
1335 2593 1499 2693 Epistola
1517 2594 1645 2670 Iacobi
1670 2595 1801 2669 otheri
1816 2597 1863 2670 ad
1883 2596 1985 2670 Iodn.

384 2713 607 2810 Briſj5101cum
626 2711 761 2786 subscr.
785 2739 831 2787 ex
852 2711 1039 2812 Friburgo
1062 2713 1212 2786 1512--
1231 2710 1292 2784 sol.
1319 2709 1396 2784 132.
1421 2711 1484 2784 lin.
1503 2713 1560 2786 25.
1580 2712 1807 2810 Argentinae
1823 2740 1871 2790 ex
1892 2714 1991 2789 aedi-

380 2831 452 2904 bus
472 2829 639 2903 Mathr‘ae
657 2830 827 2903 Schureri
851 2831 966 2904 Anno
994 2832 1046 2904 M.
1056 2829 1104 2904 D.
1117 2829 1222 2902 Xlll.
1243 2826 1368 2902 mense
1387 2829 1607 2906 Februario.
1626 2831 1670 2904 T.
1685 2831 1732 2906 Ο.
1751 2832 1862 2906 Char.
1885 2829 1987 2930 goth.

333 2997 337 3004 -
388 2947 464 3020 soll.
483 2945 521 3019 in
535 2962 618 3020 toto
642 2947 718 3020 132.
737 2973 817 3020 non
834 2947 921 3046 fign.
939 2947 1002 3020 lin.
1023 2947 1081 3021 38.
1097 2954 1130 3036 4.

576 3087 705 3141 Panaeti
718 3085 824 3143 Annnl.
843 3086 973 3162 Typogr.
993 3086 1028 3141 T.
1039 3085 1065 3142 6.
1084 3105 1112 3160 p.
1132 3083 1178 3146 61.
1206 3083 1246 3140 N.
1267 3095 1329 3159 290.

486 3283 622 3356 197.··-·
637 3253 746 3327 Junir'
757 3254 941 3327 Iuvenalis
959 3253 1162 3354 Aquinatis
1185 3255 1286 3329 inter
1305 3253 1441 3328 latinos
1457 3253 1764 3352 Satyrograpbos
1789 3252 1988 3328 consuma-

391 3373 518 3450 tillimi
535 3375 693 3471 Satyrae
710 3371 802 3446 item
819 3371 937 3445 Aulus
954 3371 1096 3470 Persas
1115 3371 1263 3472 Satyris
1279 3399 1358 3446 non
1371 3370 1568 3470 ignobilis,
1587 3369 1756 3470 quinque
1774 3368 1936 3443 distichis
1949 3369 1988 3440 in

392 3493 587 3568 fronte-
604 3489 667 3564 sol.
687 3489 769 3564 eod.
790 3488 827 3564 b.
847 3490 942 3562 Aldi
952 3488 1113 3589 Epistola
1137 3489 1184 3563 ad
1200 3491 1400 3588 Scipionem
1427 3487 1536 3560 carle.
1550 3529 1590 3544 -
1613 3486 1677 3558 sol.
1704 3511 1771 3558 roo
1792 3485 1856 3558 lin.
1873 3486 1906 3558 8.
1926 3484 1989 3559 ab·

388 3609 511 3686 soluta
529 3609 755 3706 Sa'tyrarum
770 3607 921 3706 gemina
936 3607 1031 3682 baec
1047 3604 1231 3704 linerolis
1258 3623 1294 3682 et
1311 3602 1428 3700 Persii
1442 3603 1619 3703 opuscula
1639 3605 1864 3702 Argentrirae
1880 3603 1989 3676 indu·

286 3742 290 3750 “
390 3727 475 3802 stria
491 3727 645 3800 Ioannis
666 3723 901 3798 Knoblauclri
927 3726 1041 3797 Anno
1066 3722 1225 3798 Domini
1244 3719 1466 3796 M.D.Xlll.
1495 3719 1608 3796 Char.
1628 3718 1894 3822 lat-splendid.
1911 3719 1988 3796 soll.

390 3871 470 3920 non
483 3869 589 3920 num.
612 3869 689 3917 100.
711 3842 773 3916 lin.
788 3840 915 3943 spatiis
935 3839 1152 3937 interjectae
1169 3843 1226 3916 23.
1253 3847 1285 3928 4.

584 3982 728 4038 Panzccri
746 3979 850 4037 Annas.
869 3981 1001 4055 Typogr.
1020 3979 1055 4036 T.
1072 3998 1099 4055 9.
1117 4000 1146 4057 p.
1162 3979 1225 4038 362.
1243 3977 1281 4036 N.
1301 3972 1364 4032 282.
1379 3976 1408 4034 b.

493 4153 571 4250 198.
602 4151 824 4225 Concordem
844 4147 1067 4248 Principum
1094 4145 1268 4224 Nationis
1290 4145 1539 4222 Germanicae
1560 4171 1648 4219 cum
1668 4144 1901 4245 argumentis
1919 4143 1992 4216 slve

396 4266 605 4341 summariis
622 4255 698 4341 iam
717 4267 863 4342 additis.
890 4255 1114 4341 Exhortatio
1143 4263 1262 4365 patris
1287 4263 1333 4336 ad
1351 4261 1471 4336 filium
1493 4263 1740 4337 Sacerdotem
1763 4279 1807 4335 ut
1824 4261 1991 4333 honesta·

399 4401 479 4458 tem
504 4382 777 4459 sufficientibus
808 4398 1008 4458 contentus
1035 4381 1086 4456 stt.
1113 4383 1227 4456 Anno
1248 4381 1300 4453 M.
1311 4378 1358 4453 D.
1371 4379 1537 4454 Xlll.—-
1554 4379 1658 4453 Haec
1680 4379 1719 4450 in
1736 4377 1859 4451 sronte
1875 4375 1992 4448 limbo

398 4499 685 4574 circumdata-
706 4501 782 4574 soll.
806 4529 858 4574 ιι.
874 4499 937 4573 lin.
969 4501 1021 4572 15.
1043 4499 1268 4600 Argentrirae
1284 4524 1355 4599 per
1380 4496 1558 4571 Renatnm
1581 4496 1677 4570 Beclt
1696 4495 1831 4568 Civem
1848 4495 1994 4589 Argen-

399 4617 580 4692 tinensem
595 4618 710 4690 Anno
726 4619 778 4689 M.
791 4618 838 4691 D.
851 4617 954 4690 Xlll.
974 4617 1086 4690 Char.
1103 4617 1163 4692 lat.
1179 4614 1307 4716 grand.
1337 4632 1374 4689 et
1393 4617 1530 4689 venull.
1553 4613 1631 4690 soll.
1659 4639 1712 4687 11.
1730 4637 1808 4686 non
1826 4608 1910 4706 sign.
1932 4605 1993 4678 lin.

397 4737 454 4834 37.
482 4741 514 4825 4.
542 4737 605 4808 Ex
622 4735 832 4807 collectione
840 4733 1076 4807 Herbizr'aaa.

587 4875 716 4930 Parrzeri
730 4873 838 4936 Annas.
858 4875 990 4949 Typogr.
1010 4874 1045 4929 T.
1055 4871 1082 4929 6.
1101 4891 1130 4950 p.
1148 4871 1192 4928 63.
1213 4871 1250 4928 N.
1261 4872 1323 4927 ³21.
