4706 5868
765 597 1006 660 clrlnoous
1031 569 1406 658 nuuoonerrucus
1432 599 1570 660 unxx.
1910 608 1975 680 117

468 779 551 854 360.
570 787 616 834 -“·
630 777 825 850 Laurentii
845 777 957 852 Valle
972 777 1255 876 Elegantiarum
1275 777 1384 852 Libri
1411 777 1490 861 lex,
1517 775 1641 877 deniq.
1669 777 1971 877 reciprocatione

371 895 519 972 libellus
536 919 624 968 cum
647 894 807 967 Antonii
819 895 1044 970 Mancznallz'
1055 895 1145 968 lima
1165 892 1237 968 luis
1257 894 1349 968 locis
1364 893 1540 994 appollta.
1562 896 1698 968 Etcum
1716 896 1843 969 Jodou
1860 897 1978 969 Bodii

374 1011 771 1111 Asoensiiepitomatio
789 1011 937 1110 lingulis
963 1010 1148 1110 capitibus
1172 1009 1397 1114 antepositis.
1424 1050 1475 1068 -
1500 1010 1777 1084 Adnotationee
1806 1013 1978 1088 eiusdem

297 1223 303 1232 Ι
375 1131 415 1202 in
430 1128 645 1204 Antonium
664 1127 976 1210 6000100100.-
998 1133 1094 1202 Item
1113 1128 1311 1226 Apologus
1334 1126 1398 1208 seu
1422 1143 1525 1202 actus
1549 1126 1714 1202 scenicus
1742 1128 1783 1200 in
1800 1127 1979 1227 Poggium

373 1245 624 1320 florentinum
647 1287 696 1302 --
722 1243 912 1319 Selestadii
938 1245 1048 1346 apud*
1063 1247 1247 1318 Lazarum
1269 1245 1503 1317 Scaurinum.
1537 1245 1651 1318 Anno
1687 1244 1739 1317 M.
1756 1244 1803 1317 D.
1819 1245 1910 1318 XX.
1929 1289 1979 1302 —

374 1363 484 1438 Haec
500 1363 539 1437 in
555 1359 680 1439 fronte
694 1375 748 1420 '--
775 1361 840 1438 fol.v
857 1362 941 1436 eod.
962 1362 996 1436 b.
1018 1362 1213 1436 annotatio
1235 1361 1283 1435 ad
1306 1361 1521 1434 Lectorem.
1543 1403 1587 1418 -
1614 1361 1731 1434 Index
1745 1401 1795 1418 -
1817 1361 1981 1460 Epistola

374 1480 569 1556 Laurentii
591 1478 770 1575 Vallensis
786 1477 832 1552 ael
851 1479 983 1552 Joann.
1002 1479 1207 1551 Tortellriam
1222 1521 1272 1536 —
1286 1479 1365 1552 Jod.
1383 1477 1670 1574 Badri'Ascenszi'
1682 1478 1868 1577 proaemii
1880 1480 1981 1554 Lau-

376 1596 538 1672 rentiani
558 1596 746 1695 Epitome.
768 1638 813 1654 -
833 1595 895 1670 fol.
917 1623 998 1672 221.
1023 1597 1086 1692 lin.
1107 1623 1140 1694 9.
1154 1596 1259 1690 linis.
1287 1595 1470 1695 Sequitur
1488 1595 1657 1668 Laurent.
1676 1595 1854 1693 Vallensis
1873 1595 1983 1696 opul-

377 1714 506 1786 culum
528 1739 689 1792 aureum
712 1713 752 1786 in
770 1712 968 1787 Amantiam
986 1711 1211 1806 Raudenfim
1239 1730 1276 1786 et
1308 1711 1347 1785 in
1365 1711 1544 1808 Poggium
1560 1710 1811 1802 florentinum.
1830 1755 1877 1769 —
1904 1713 1981 1786 foll.

377 1830 435 1902 35.
464 1830 527 1902 lin.
553 1856 604 1928 ¹9·
640 1830 833 1926 Salestadei'
857 1830 983 1906 denuo
1007 1829 1239 1930 vigilantiori
1264 1855 1355 1903 cura
1380 1855 1425 1903 ex
1452 1828 1608 1903 aedibus
1632 1830 1776 1902 Lazari
1801 1829 1986 1904 Saburarii

378 1945 503 2020 mense
524 1945 731 2020 Februario
753 1949 869 2020 Anno
888 1947 1021 2020 Christi
1044 1949 1096 2020 M.
1115 1947 1162 2020 D.
1179 1946 1269 2020 XX.
1287 1960 1469 2044 regnante
1494 1943 1650 2026 Caesare
1677 1948 1806 2020 Carula
1825 1947 1977 2024 Austrio

376 2061 569 2164 hispanico
588 2063 630 2134 P.
642 2064 682 2136 F.
697 2063 739 2136 P.
753 2063 792 2136 P.
813 2064 924 2138 Char.
943 2065 1003 2138 lat.
1029 2063 1129 2162 gloll.
1147 2089 1262 2161 marg.
1274 2063 1358 2160 loll.
1374 2063 1456 2136 256.
1474 2061 1634 2161 signal.
1653 2061 1727 2136 fine
1744 2089 1918 2156 numero.
1931 2106 1981 2126 ·-

568 2183 696 2238 rameri·
712 2181 819 2276 inu.
847 2183 979 2257 rypogr.
1007 2182 1042 2237 r.
1060 2176 1087 2236 o.
1113 2201 1142 2256 p.
1161 2194 1223 2256 290.
1253 2181 1291 2235 N.
1309 2179 1335 2236 6.
1452 2213 1453 2218 ¹
1590 2233 1594 2238 .

473 2352 560 2426 361...
575 2393 624 2406 -
641 2351 801 2424 Ioannis
815 2351 1001 2446 Francasci
1013 2350 1099 2424 Pici
1106 2350 1343 2426 Mirandulae
1359 2349 1541 2434 Domini,
1563 2365 1601 2424 et
1615 2349 1844 2424 concordiae
1864 2351 1982 2424 comi·

215 2562 227 2579 .
376 2470 435 2544 tio.
462 2468 523 2540 Ad
553 2467 727 2542 Leonem
752 2469 861 2541 Pont.
891 2469 992 2542 Max.
1019 2485 1058 2542 et
1083 2468 1225 2542 Concil.
1255 2468 1429 2541 Lateran.
1456 2467 1501 2540 de
1532 2467 1784 2542 reformandis
1808 2467 1981 2542 moribus

373 2585 511 2658 oratio,
532 2625 582 2642 -
606 2585 777 2658 Eiusdem
796 2585 930 2684 hymni
949 2600 1027 2666 tres
1049 2583 1097 2659 D.
1115 2585 1302 2671 Martino‚
1330 2575 1574 2682 Magdalenae
1595 2599 1633 2658 et
1651 2584 1824 2659 Antonio
1849 2583 1983 2660 decan·

376 2700 455 2776 tati.
470 2743 520 2760 --
536 2701 695 2774 Haecin
713 2701 839 2774 fronte
856 2701 973 2775 limbo
997 2715 1132 2784 ornata
1145 2747 1193 2763 -
1213 2701 1276 2774 fol.
1304 2728 1357 2800 19.
1384 2700 1419 2774 b.
1447 2697 1510 2776 lin.
1535 2728 1566 2776 1.
1588 2703 1793 2798 Hagenoae
1812 2727 1859 2774 ex
1879 2701 1981 2776 aedi-

375 2818 445 2894 bus
475 2817 634 2891 Tiamaa
656 2817 979 2914 AnfhelmiAnno
995 2819 1047 2892 M.
1057 2819 1104 2893 D.
1114 2819 1204 2892 XX.
1224 2817 1353 2894 Menle
1367 2819 1519 2894 Martio.
1537 2818 1663 2916 infign.
1676 2818 1846 2918 Typogr.
1866 2819 1980 2895 Char.
2011 2843 2012 2848 ’

380 2933 440 3009 lat.
461 2934 810 3034 foll„19.nonfign.
832 2935 895 3008 lin.
915 2936 972 3008 28.
990 2942 1024 3025 4.

573 3055 702 3109 Panaeti
717 3053 823 3109 Annnl.
842 3054 974 3128 Typogt.
996 3055 1033 3108 Τ.
1052 3074 1079 3128 7.
1097 3073 1126 3130 p.
1143 3071 1188 3130 90.
1206 3053 1244 3110 N.
1264 3073 1327 3129 177.

471 3222 555 3296 362.
573 3261 621 3280 -
640 3218 845 3316 Confutatzo
864 3221 1090 3322 sophistices
1108 3237 1146 3296 et
1165 3221 1437 3318 Quaestionum
1453 3221 1712 3306 curiosarum.
1737 3249 1783 3296 ex
1805 3221 1979 3320 Origene,
2127 3209 2133 3216 ’

382 3341 586 3441 Cypraeuno,
620 3339 879 3425 Nattanzem,
910 3339 1047 3439 Cyn'llo
1074 3338 1316 3438 Chrysostomo
1336 3395 1345 3423 ‚
1366 3339 1611 3439 iheronymo,
1643 3337 1832 3434 Ambrafi'o
1853 3395 1865 3424 ,,
1904 3339 1981 3411 Au-

313 3509 317 3516 ·
369 3457 529 3554 gustabo,
558 3454 783 3553 Athanasio,
807 3457 1019 3542 Lactantio,
1039 3481 1109 3554 per
1126 3453 1303 3528 Othonem
1317 3449 1562 3550 Brunfilseicm
1577 3454 1908 3552 Mogontinum.-
1916 3456 1981 3527 So·

371 3573 519 3670 lostadti'
529 3570 630 3670 apud
647 3574 832 3646 Lazarum
849 3571 1087 3645 Saburerium.
1105 3615 1155 3632 -
1173 3572 1277 3646 Haec
1297 3572 1337 3643 in
1355 3569 1481 3643 fronte
1499 3570 1617 3642 limbo
1639 3569 1787 3644 inclusa.
1807 3597 1895 3645 curn
1905 3573 1977 3646 litt.

221 3771 224 3778 ,
373 3690 417 3764 L.
439 3691 476 3763 S.
504 3689 566 3764 fol.
581 3716 614 3762 2.
636 3689 799 3789 Epistola
818 3687 974 3762 Othonis
997 3685 1202 3786 Brunsalsai‘
1221 3687 1267 3763 ad
1286 3686 1493 3760 ‚Fabricium
1523 3689 1739 3787 Contionem.
1770 3729 1816 3748 -
1841 3687 1904 3761 iol.
1928 3715 1981 3786 19.

374 3803 410 3878 b.
428 3806 491 3877 lin.
517 3833 571 3878 11.
598 3806 793 3901 Selestada'i
806 3805 847 3879 in
865 3806 1021 3879 aedibus
1032 3804 1369 3878 LazariSchuren'i
1388 3801 1516 3877 Mense
1527 3803 1628 3902 Mujo
1652 3803 1847 3877 M.D.XX.
1869 3803 1980 3879 Char.

376 3920 439 3994 lat.
459 3919 558 4019 gloss.
577 3920 694 4019 inarg.
718 3922 793 3994 loll.
815 3948 868 4019 19.
887 3947 968 3994 non
985 3922 1071 4020 fign.
1088 3921 1151 3995 lin.
1170 3922 1227 3995 28.
1245 3928 1278 4010 4.

423 4028 431 4038 '
485 4115 495 4134 Ι
568 4038 697 4092 Panaeti
713 4038 817 4093 Annal.
837 4040 970 4148 T7129gr.
988 4041 1023 4095 T.
1031 4035 1060 4095 8.
1079 4057 1180 4117 P·29¹·
1199 4039 1237 4096 N.
1247 4057 1276 4116 9.

475 4204 558 4278 363.
576 4247 627 4264 -
646 4205 771 4279 Oratio
792 4234 814 4279 a
838 4207 983 4280 Jaanna
1004 4208 1209 4306 Gulsubelto
1237 4205 1563 4307 Longicampiano
1588 4230 1719 4279 coram
1744 4206 1985 4282 universitate
2034 4241 2038 4248 ·

338 4369 343 4376 -
383 4323 631 4422 lngolllatenfi
657 4323 784 4398 habita
802 4318 872 4423 per
893 4325 941 4398 D.
961 4325 1018 4400 Ja.
1044 4329 1229 4428 Capmbne
1250 4325 1449 4422 Plorcansi
1471 4348 1559 4398 cum
1584 4323 1624 4398 in
1644 4321 1773 4422 lingua
1799 4322 1987 4400 Hebraico

382 4454 421 4513 et
447 4443 593 4515 Graeca
625 4440 757 4514 ludum
791 4441 1003 4515 literarium
1035 4469 1082 4516 ex
1116 4443 1304 4518 conducto
1340 4440 1517 4540 aperiret.
1547 4442 1609 4513 111.
1651 4441 1780 4515 Nonas
1816 4441 1983 4516 Martias.

379 4556 432 4629 M.
452 4556 499 4632 D.
518 4557 609 4640 XX.
639 4569 687 4616 ·-'·
714 4557 777 4631 fol.
801 4585 831 4656 7.
858 4558 943 4632 finis
965 4559 1148 4658 Augustae
1167 4561 1426 4632 Wndelz'corum
1443 4583 1489 4632 ex
1498 4557 1654 4632 officina
1671 4559 1823 4658 Silvani
1837 4559 1988 4632 Olmoni

381 4673 508 4751 mense
524 4675 665 4778 Martio
682 4674 734 4749 M.
745 4675 791 4749 D.
804 4676 893 4749 XX.
909 4683 942 4766 4.
964 4677 1076 4751 Char.
1096 4677 1156 4751 lat.
1176 4675 1252 4750 foll.
1268 4704 1297 4772 7.
1320 4701 1400 4750 non
1418 4675 1502 4772 fign.
1521 4675 1584 4749 lin.
1602 4676 1659 4748 30.
1676 4681 1710 4764 4.
1779 4699 1781 4703 ’

575 4794 703 4852 Panzera'
717 4793 823 4868 Annei
841 4795 974 4872 Typogr.
986 4796 1021 4853 T.
1030 4795 1058 4852 6.
1074 4815 1105 4872 p.
1116 4795 1177 4870 ²⁵7·
1196 4795 1234 4852 N.
1245 4813 1305 4869 171.
1327 4792 1418 4870 laps.
1437 4793 1472 4852 Τ.
1489 4806 1517 4864 a,
1534 4812 1563 4870 p.
1581 4787 1644 4850 138.
1665 4793 1705 4855 N.
1713 4807 1756 4848 22.
