4694 5878
725 623 964 685 CATALOGUS
990 623 1366 684 Btumocnarfflcus
1390 623 1594 681 muxxxn.
1887 611 1951 705 157
2105 672 2112 685 ,

355 805 438 882 linit
461 807 523 879 sol.
540 807 596 878 26.
614 804 676 878 lin.
692 831 749 904 29.
769 804 946 879 excusum
962 801 1182 902 lngolstadti'
1193 802 1233 874 in
1250 801 1406 876 officina
1423 803 1566 902 Apiam'
1579 803 1639 876 die
1658 802 1817 876 Vl.'Jul.
1837 801 1949 880 Anno

361 925 462 998 1532.
478 965 527 982 -·
550 923 624 996 soll.
646 924 703 996 26.
719 949 799 998 non
823 922 908 1021 fign.
926 922 988 996 lin.
1007 925 1063 996 51.
1084 947 1172 996 cum
1188 921 1295 1018 figur.
1316 935 1354 995 et
1373 919 1471 1018 gloll.
1492 945 1607 1017 marg.
1628 919 1650 992 s.

517 1154 521 1167 Ι
546 1063 673 1118 Punzert'
688 1059 793 1120 Annas.
810 1061 943 1138 Typogr.
956 1061 999 1154 ‘'1'.
1011 1081 1038 1135 7.
1059 1081 1088 1136 p.
1101 1075 1161 1135 129.
1182 1057 1220 1117 N.
1229 1055 1273 1114 28.

1006 1229 1058 1302 M.
1070 1228 1311 1302 D.XXXlll.

451 1370 535 1464 507.
560 1363 620 1424 -'
634 1365 911 1466 Ephemerr‘dum
927 1393 1025 1466 opus
1041 1365 1200 1440 loannis
1222 1361 1390 1454 Stoesteri
1402 1364 1639 1462 Justingenlls
1657 1365 1916 1441 Mathematici
1933 1395 1955 1440 a

354 1485 478 1586 capite
495 1486 583 1560 anni
600 1484 876 1584 redemptionis
902 1483 1038 1580 Chresti
1049 1484 1100 1556 M.
1110 1482 1158 1556 D.
1168 1482 1335 1594 XXXll.
1359 1482 1398 1554 in
1415 1481 1508 1554 alios
1526 1482 1615 1554 XX.
1633 1483 1809 1582 proxime
1836 1481 1956 1558 subse·

354 1620 535 1706 quentes,
553 1602 600 1676 ad
618 1618 792 1678 veterum
810 1602 1064 1676 imitationem
1079 1599 1351 1674 accuratissimo
1371 1598 1515 1686 calculo
1537 1601 1784 1674 elaboratum.
1806 1643 1851 1658 -
1870 1625 1959 1676 cum

355 1722 476 1820 gratia
493 1737 530 1795 et
548 1720 749 1820 privilegio
763 1718 956 1794 Caesareo.
975 1718 1160 1818 Tubr'agae
1178 1715 1533 1817 perHuldem‘chum
1541 1717 1814 1792 MothartAnn.
1826 1717 1955 1790 XXX.

289 1841 294 1850 “
355 1839 415 1912 Kl.
435 1839 524 1912 Feb.
539 1881 589 1895 —
609 1839 713 1912 Haec
736 1837 775 1910 in
790 1836 916 1912 fronte
935 1863 1024 1911 cum
1049 1835 1175 1934 effigie
1200 1834 1373 1927 Stoesten‘.
1397 1875 1447 1894 -·
1471 1835 1656 1935 Sequunt.
1683 1834 1958 1936 Ephemerides

355 1983 437 2056 usq.
461 1955 506 2030 ad
527 1957 629 2030 1551.
647 1997 698 2012 -
712 1953 776 2028 sol.
795 1955 879 2028 316.
899 1955 983 2029 finit
999 1953 1060 2030 die
1076 1954 1169 2030 Dec.
1188 1953 1245 2028 31.
1275 1953 1386 2028 Char.
1404 1955 1463 2028 lat.
1489 1979 1577 2028 cum
1598 1953 1705 2052 figur.
1727 1971 1766 2030 et
1780 1954 1853 2067 tab.
1877 1953 1956 2027 foll.

357 2073 438 2148 316.
458 2099 539 2147 non
557 2073 643 2171 sign.
660 2071 722 2145 lin.
744 2073 982 2172 plerumque.
1009 2073 1066 2145 31.
1089 2102 1102 2137 ε
1124 2077 1157 2160 4.

417 2189 421 2196 .
549 2211 678 2266 Panzerr'
693 2209 798 2266 Annal.
814 2211 947 2286 Typogr.
965 2210 1000 2269 T.
1008 2204 1037 2266 8.
1062 2229 1093 2284 p.
1110 2211 1175 2266 ³32.
1192 2209 1231 2265 N.
1249 2205 1295 2265 80.
1382 2279 1386 2288 ¹

453 2380 535 2454 508.
561 2421 611 2436 -
634 2381 790 2454 Henrt'ct'
808 2357 1168 2480 Comelt'r'Agrzppae
1184 2378 1230 2454 ab
1246 2375 1475 2479 Nettesheym
1492 2407 1515 2453 a
1537 2379 1696 2452 confiliis
1725 2394 1762 2456 et
1782 2377 1959 2452 Archivis

360 2495 545 2572 lnditiarii
561 2496 685 2572 sacrae
705 2496 907 2574 Caesareae
927 2496 1143 2595 Maiestatis:
1169 2497 1229 2570 De
1255 2495 1403 2569 occulta
1426 2495 1668 2596 Philosophia
1690 2495 1776 2570 libri
1806 2511 1891 2570 tres.
1910 2537 1960 2554 -

360 2615 465 2688 Haec
481 2612 521 2686 in
539 2613 665 2698 fronte
689 2641 777 2692 cum
794 2613 922 2714 effigie
942 2615 1107 2688 Cornelii
1123 2614 1316 2714 Agnppae.
1338 2655 1389 2670 -—
1413 2614 1597 2714 Sequunt.
1631 2613 1805 2712 epistolae
1832 2610 1964 2711 Agrip

352 2759 428 2831 poe
444 2731 490 2804 ad
514 2731 620 2806 Joan.
645 2732 848 2805 Trr'temtirm
865 2748 903 2806 et
919 2731 1090 2808 eiusdem
1112 2731 1159 2806 ad
1181 2731 1391 2832 Agnppam.
1416 2773 1466 2790 -
1491 2731 1554 2806 fol.
1572 2727 1655 2804 358.
1686 2730 1771 2830 sign.
1802 2729 1866 2804 lin.
1899 2730 1953 2802 18.

359 2850 529 2924 occultae
555 2848 821 2949 Philosophiae
842 2851 998 2924 Henn'cr’
1014 2851 1177 2924 Cornelii
1195 2850 1380 2950 Agrippae
1404 2849 1487 2922 finis
1514 2849 1628 2922 Anno
1652 2849 1703 2922 M.
1713 2849 1760 2921 D.
1771 2847 1957 2922 xxxltt

361 2965 488 3040 mense
505 2967 620 3042 Julio.
640 2967 751 3042 Char.
766 2970 826 3043 lat.
841 2969 970 3068 grand.
982 2984 1022 3044 et
1037 2967 1176 3069 splend.
1198 2967 1298 3068 gloss.
1320 2992 1437 3066 marg.
1457 2993 1493 3068 p.
1512 2965 1594 3040 358.
1614 2965 1700 3066 ssgn.
1721 2966 1760 3068 in
1776 2981 1859 3040 toto
1876 2967 1958 3062 370.

362 3081 424 3158 lin.
448 3091 504 3174 41.
533 3083 556 3158 f.

555 3225 687 3280 Clamant.
704 3223 773 3280 dant
791 3225 820 3280 la
839 3223 915 3280 Bibl.
934 3223 1062 3280 curicula
1087 3223 1122 3280 Τ.
1140 3246 1164 3280 1.
1191 3246 1219 3301 p.
1235 3242 1280 3301 91.
1297 3223 1373 3282 banc
1396 3224 1553 3280 editionem
1571 3223 1697 3298 Parisiis
1726 3222 1831 3278 saetam
1857 3195 1954 3278 affl·

645 3316 768 3374 rillimot
781 3315 875 3376 libros
891 3317 988 3379 ralert.

454 3487 534 3584 509.
561 3527 611 3542 ·-·
639 3483 814 3584 Physr'cas
832 3485 1071 3580 Hildegardt's
1091 3527 1139 3542 -
1161 3485 1467 3568 Elementorum,
1488 3482 1689 3556 fluminum
1706 3481 1852 3580 aliquot
1864 3444 1961 3554 Ger·

251 3603 253 3606 ’
357 3602 523 3687 maniae,
550 3601 812 3685 metallorum,
840 3597 1097 3697 leguminum,
1128 3599 1323 3673 fructuum
1352 3615 1390 3672 et
1411 3595 1637 3671 herbarum:
1685 3597 1885 3683 arborum,
1919 3613 1959 3672 et

356 3719 615 3792 arbustorum:
642 3715 801 3815 piscium
834 3713 959 3814 deniq.
994 3713 1226 3800 volatilium,
1256 3731 1294 3788 et
1321 3712 1572 3789 animantium
1604 3730 1728 3789 terrae
1747 3729 1901 3788 naturas
1924 3729 1962 3788 et

358 3835 612 3933 operationes.
641 3835 722 3905 llll.
748 3831 853 3906 libris
874 3831 1038 3905 mirabili
1065 3830 1300 3930 experientia
1315 3829 1521 3932 posteritati
1545 3831 1708 3908 tradens.
1728 3873 1777 3888 -
1802 3831 1965 3928 Orr'basii

359 3949 501 4022 Medici
519 3947 564 4024 de
584 3949 812 4048 fimplicibus
835 3947 921 4022 libri
939 3945 1120 4051 quinque.
1137 3993 1187 4007 -
1208 3947 1542 4049 sbeodon'phyfici
1561 3949 1679 4034 dicta,
1711 3948 1851 4024 docens
1880 3947 1963 4048 qui-

358 4065 520 4140 busnam
537 4064 735 4140 salubriter
753 4065 958 4152 utendum,
984 4067 1044 4141 vel
1073 4067 1340 4142 abstinendum.
1364 4087 1415 4124 '—
1442 4065 1632 4166 Esculnpir'
1647 4047 1747 4139 liber
1763 4085 1888 4152 unus,
1917 4065 1963 4140 de

360 4184 605 4268 morborum,
625 4181 907 4272 infirmitatum,
935 4183 1183 4286 passionumq.
1208 4185 1383 4284 corporis
1409 4183 1565 4257 humani
1584 4181 1725 4267 caullia,
1743 4181 1965 4284 descriptio·
2057 4275 2063 4282 Ι

363 4300 497 4386 nibus,
527 4315 564 4374 et
586 4323 688 4374 cura.
713 4343 763 4357 —
790 4301 977 4378 Omnium
1004 4303 1182 4404 Capitum
1207 4303 1334 4378 lndice
1364 4295 1610 4402 copioslffiino
1639 4301 1678 4377 in
1709 4301 1809 4376 calce
1837 4299 1964 4400 operis

366 4415 629 4517 subscripto—
640 4417 880 4515 Argentorotr'
888 4419 988 4520 apud
1005 4421 1185 4496 loannem
1195 4413 1393 4505 Schottum,
1411 4445 1498 4493 curn
1508 4417 1747 4516 CaesMajell.
1763 4417 1964 4518 privilegio

364 4531 411 4608 ad
428 4535 745 4634 quinquennium.
762 4536 815 4611 M.
823 4537 871 4612 D.
881 4537 1066 4612 XXXlll.
1081 4539 1247 4613 -Haec
1265 4537 1303 4612 in
1326 4537 1451 4610 fronte
1471 4577 1516 4591 -
1534 4535 1597 4610 fol.
1611 4561 1667 4635 79.
1685 4535 1747 4610 lin.
1764 4561 1815 4608 10.
1832 4534 1965 4609 finis-

368 4651 490 4727 index.
512 4652 625 4727 Char.
645 4654 706 4728 lat.
726 4654 855 4753 grand.
872 4653 1010 4756 splend.
1030 4655 1130 4755 gloss.
1149 4681 1265 4754 marg.
1285 4654 1361 4729 soll.
1384 4653 1438 4752 73.
1457 4653 1541 4753 fign.
1562 4652 1601 4727 in
1618 4669 1700 4728 toto
1711 4656 1769 4729 85.
1780 4653 1843 4728 lin.
1866 4653 1921 4742 43.
1940 4651 1961 4724 f.

563 4793 690 4852 Panaeti
703 4791 808 4852 Anntl.
830 4793 959 4871 Typogr.
980 4795 1015 4852 Τ.
1031 4793 1058 4853 6.
1077 4815 1105 4872 p.
1117 4807 1178 4852 122.
1199 4793 1236 4852 N.
1248 4789 1311 4868 644
1331 4795 1432 4851 Mat'tt.
1453 4795 1524 4850 Tza.
1542 4811 1571 4870 p.
1589 4787 1651 4866 784.
