4706 5868
764 615 1007 678 ctrtnootts
1032 587 1407 708 nreuoontrntcus
1433 620 1556 676 orum.
1913 606 1961 678 55

358 797 558 874 emendate
576 797 799 899 summoque
826 793 945 870 studio
967 795 1178 872 elaborate:
1195 823 1284 873 cum
1306 799 1579 897 multiplicibus
1596 797 1733 872 tabulis
1763 814 1802 872 et
1828 823 1958 900 repere

358 917 468 992 toriis
494 917 542 990 ad
576 915 752 990 materias
782 935 1048 1015 'quascumque
1081 913 1282 1014 diligenter
1310 915 1554 990 inveniendas
1585 911 1959 1013 aptissimis—Haec

359 1034 399 1108 in
424 1034 551 1108 fronte
581 1059 671 1109 cum
701 1031 903 1134 inssgnibus
929 1048 1080 1134 typogr.
1110 1049 1149 1107 et
1176 1031 1419 1133 inscriptione
1457 1032 1676 1108 Thielmann
1701 1032 1848 1118 Kerver‚
1873 1063 1956 1112 ver-

322 1238 324 1244 ,
360 1151 477 1253 suque
493 1165 608 1226 noto:

357 1358 360 1366 Ι
714 1266 1214 1354 Jude1,Judiciumcterus‚
1234 1264 1424 1365 sponsalia,
1444 1267 1601 1342 crimen.

362 1383 426 1458 sol.
453 1382 601 1485 eodem.
633 1383 880 1457 decretalium
911 1382 1106 1481 copiosum
1134 1399 1475 1480 argumentum-
1496 1383 1667 1480 Gregon'i
1689 1384 1782 1456 noni
1812 1385 1961 1458 romani

360 1500 539 1600 praesulis
550 1501 637 1588 vita,
653 1499 677 1573 ss
695 1500 863 1574 Platinae
875 1497 1184 1573 creditur.-sol.
1198 1499 1279 1571 582.
1292 1498 1355 1573 lin.
1376 1499 1434 1581 23.
1454 1498 1673 1600 impressum
1681 1495 1836 1596 Parisiis
1849 1498 1963 1575 soler-

343 1617 391 1690 *ti
410 1643 503 1692 cura
525 1615 763 1692 sz‘elmanm'
777 1617 912 1690 Kerver
935 1615 1164 1716 impressoria
1181 1643 1223 1691 ac
1247 1615 1391 1690 librarii
1416 1616 1529 1691 iurati
1563 1617 1682 1692 almae
1712 1616 1963 1692 universitatis

223 1768 230 1778 ·
360 1733 586 1834 parisiensis;
607 1735 646 1810 in
665 1761 803 1835 magno
822 1733 908 1809 vico
928 1733 1045 1806 divini
1062 1733 1191 1808 Iacobi
1201 1733 1249 1807 ad
1269 1733 1415 1832 lignum
1430 1732 1542 1809 cretis
1561 1733 1653 1809 ferri
1671 1735 1963 1809 commorantis.

360 1849 537 1952 impensis
563 1879 657 1928 vero
682 1851 853 1926 eiusdem
876 1877 919 1926 ac
940 1851 1185 1926 honestorum
1205 1851 1380 1925 virorum
1399 1850 1579 1924 Iohannis
1597 1850 1692 1924 Petit
1716 1868 1754 1926 et
1783 1851 1966 1926 Iohannes

366 1969 529 2042 Cabiller
553 1971 669 2044 Anno
692 1969 852 2044 Domini
879 1968 1194 2044 mccccext.
1228 1968 1356 2044 idibus
1381 1968 1526 2069 Aprilis
1553 1967 1616 2042 sol.
1649 1968 1732 2042 eod.
1762 1969 1861 2068 intig.
1885 1969 1964 2070 Ty-

267 2171 271 2186 ι
360 2086 612 2186 pogr.·-'-soll.
640 2087 712 2187 seq.
734 2088 793 2160 25.
815 2111 896 2158 non
916 2110 1021 2162 num.
1047 2085 1194 2159 Tabula
1217 2085 1432 2186 Bolognini,
1460 2085 1700 2160 rubricarum
1724 2103 1762 2161 et
1782 2087 1965 2188 capitulo-

362 2228 459 2276 rum.
487 2202 598 2276 Char.
625 2203 728 2300 goth.
748 2199 882 2274 minut.
902 2200 1157 2299 rubro-niger.
1178 2201 1312 2298 glossae
1338 2203 1499 2302 Margin.
1533 2203 1557 2278 s.
1588 2205 1669 2294 482.
1693 2204 1778 2304 stgn.
1798 2196 1856 2281 ar.
1886 2227 1966 2280 non

362 2315 448 2418 sign.
467 2319 508 2394 in
526 2337 610 2394 toto
628 2322 709 2393 511.
724 2319 786 2393 lin.
806 2334 968 2392 coment.
982 2320 1041 2406 64.
1067 2324 1101 2406 4.
1457 2337 1459 2344 ’
1873 2345 1876 2350 “

552 2479 683 2535 Panem·
699 2476 805 2532 Annal.
824 2479 957 2550 Typogr.
980 2475 1014 2531 T.
1027 2495 1054 2549 7.
1074 2493 1103 2548 p.
1114 2473 1179 2530 556.
1200 2475 1238 2530 N.
1253 2473 1317 2550 476.

461 2686 594 2784 ¹59··-
614 2684 793 2758 Naet'cula
805 2685 1027 2784 penitentiae
1047 2709 1117 2784 per
1137 2683 1284 2758 Excell:
1310 2681 1509 2756 doctorem
1532 2683 1712 2758 Ioannem
1739 2684 1968 2786 Keystrsber-

357 2805 461 2901 giem
474 2801 789 2900 Argentinensern
806 2791 1128 2883 concionatorem
1143 2799 1338 2901 predicata
1355 2830 1376 2877 a
1394 2799 1518 2876 Jacob.
1541 2803 1849 2879 Otherocollecta.
1868 2805 1967 2880 Cum
2040 2809 2046 2820 ’

363 2919 537 2995 navicula
563 2919 650 3019 lign.
671 2917 784 2994 incisa
801 2936 840 2994 et
865 2918 1108 3020 inscriptione
1129 2945 1217 2994 ecce
1241 2919 1471 3008 ascendimus
1497 2920 1967 3022 Hebrosolymam.-Haec
2003 2943 2007 2950 '

363 3037 402 3110 in
418 3037 600 3110 sronte-
618 3036 710 3112 Litt.
733 3035 1131 3136 rubro-nigris-sol.
1151 3039 1210 3112 80.
1236 3037 1301 3112 lin.
1321 3045 1379 3135 47.
1403 3039 1609 3115 Sermones
1631 3040 1966 3140 quadragestmales

364 3153 637 3230 sructuofissimi
659 3153 834 3230 navicula
848 3154 1107 3255 poenitentiae
1130 3172 1200 3232 etc.
1216 3154 1315 3230 —in
1333 3155 1495 3255 Augusta
1518 3158 1779 3232 Vz'ndele'comm
1804 3158 1965 3235 feliciter

362 3271 446 3348 sunt
478 3271 644 3372 impressi
678 3273 719 3347 in
740 3272 970 3348 hebdomate
1003 3277 1084 3373 post
1118 3275 1356 3349 nativitatem
1390 3273 1596 3350 beatiffime
1631 3275 1795 3373 Virginis
1821 3277 1967 3350 Martiae

365 3391 469 3464 Anni
500 3380 683 3468 milesimi¹
705 3391 994 3494 quingentefimi
1018 3391 1222 3468 undecimi
1253 3391 1367 3466 Char.
1400 3393 1503 3492 goth.
1526 3393 1661 3468 minut.
1686 3392 1763 3466 soll.
1791 3391 1877 3490 fign.
1899 3394 1959 3466 80.

229 3571 232 3576 ,
362 3509 426 3584 lin.
454 3510 511 3606 59.
537 3508 561 3582 f.

555 3669 683 3724 Penzers
698 3669 803 3724 Annas.
821 3665 954 3745 ‘l'ypogn
976 3667 1012 3724 Τ.
1020 3667 1047 3725 6.
1059 3621 1095 3744 Ῥ.
1106 3669 1168 3742 ι39.
1188 3667 1282 3722 Ml.
1294 3664 1384 3740 zahl.
1394 3667 1429 3721 Τ.
1446 3681 1474 3722 2.
1490 3667 1573 3739 p.51.
1583 3663 1621 3722 N.
1636 3667 1662 3720 3.
1676 3665 1766 3730 editio
1782 3669 1921 3743 prinecps
1937 3681 1967 3726 et

647 3758 799 3818 tariffima·
1074 3797 1078 3804 ·

330 4007 334 4018 ι
467 3971 603 4043 160.-
618 3969 752 4042 Textus
769 3971 813 4042 de
832 3965 995 4069 Spheem
1007 3967 1188 4044 blancis
1205 3968 1250 4041 de
1264 3969 1374 4042 Sacro
1384 3967 1498 4066 Bosco
1517 3993 1606 4042 cum
1620 3965 1812 4041 additione
1832 3969 1968 4067 (quan-

367 4103 451 4163 tum
465 4085 710 4162 necessarium
719 4071 789 4183 eli)
820 4086 984 4170 adiectu
1006 4113 1109 4162 novo
1129 4085 1406 4160 commentario
1428 4110 1553 4186 nuper
1571 4083 1672 4157 edito
1700 4082 1747 4158 ad
1764 4082 1970 4160 utilitatem

366 4203 593 4279 studentium
621 4202 881 4304 philosophiae
903 4203 1107 4304 parisiensis
1135 4203 1347 4292 academiae
1370 4201 1570 4278 illustratus
1585 4226 1673 4275 cum
1697 4199 1969 4301 composttione

366 4305 494 4396 annuli
514 4319 751 4395 aslronomici
767 4320 859 4394 boni
880 4320 1036 4408 latcnlis,
1053 4337 1091 4396 et
1110 4321 1320 4419 geometria
1336 4317 1502 4404 Euclidis
1524 4317 1911 4418 Migarenlls-Haec
1930 4321 1969 4395 in

369 4437 494 4513 sronte
516 4437 634 4510 limbo
662 4453 804 4511 ornata.
832 4436 894 4511 sol.
921 4437 1004 4512 eod.
1029 4437 1066 4512 b.
1096 4437 1224 4510 Iacobi
1239 4438 1352 4510 Fabri
1366 4433 1586 4538 Stapulenseb
1605 4435 1769 4537 Epistola
1786 4436 1834 4510 ad
1852 4437 1969 4512 Caro-

370 4555 450 4628 lum
469 4555 603 4629 Boram
621 4553 908 4628 thesaurarium
929 4555 1220 4655 regium-fol.
1241 4583 1275 4629 2.
1296 4551 1410 4630 index
1426 4555 1570 4628 libri-
1586 4552 1649 4628 sol.
1671 4554 1704 4628 3.
1732 4551 1967 4629 introductio

369 4687 410 4748 et
426 4672 579 4748 additio.
593 4673 714 4748 -sot
732 4673 790 4748 32.
808 4672 870 4750 lin.
885 4699 944 4748 ar.
967 4671 1186 4774 impressum
1208 4673 1362 4750 Parilis
1386 4674 1426 4749 in
1449 4672 1605 4751 oslicina
1621 4673 1777 4747 Henn'ci
1794 4671 1972 4774 Stephani

578 4888 596 4928 b
614 4951 622 4962 .
726 4921 730 4928 .
