4696 5860
744 665 1001 726 'CATALOGUS
1027 665 1402 722 BlBLIOGllAPHICUS
1428 668 1548 724 tamt.
1915 683 1956 752 19

354 865 479 924 tarum
496 845 582 920 libri
602 847 668 919 lV.
685 881 736 902 -·
752 842 956 938 Aristoteles
970 841 1208 940 problemata
1223 883 1269 898 -
1294 840 1505 914 Alexandri
1530 843 1775 942 Aphmdrsnei
1803 848 1958 947 proble-

354 983 454 1042 mata
471 981 539 1038 etc.
567 965 642 1035 Eos
659 987 730 1034 nos
755 959 986 1033 contulimus
1011 984 1100 1032 cum
1127 956 1269 1054 graecis
1289 957 1591 1055 exemplaribus,
1611 986 1687 1058 qua
1708 989 1749 1036 re
1766 964 1951 1061 plurima,

350 1109 448 1184 quae
469 1082 530 1154 vel
550 1079 727 1163 deerant,
754 1077 816 1150 vel
839 1099 1048 1174 perperum
1066 1073 1239 1172 imprella
1265 1073 1500 1148 habebantur
1520 1075 1646 1150 addita
1663 1080 1861 1154 emendata
1880 1109 1956 1182 que

351 1181 640 1273 liant—'Aldus
661 1220 750 1267 cum
768 1193 848 1266 eius
869 1191 999 1288 lnfign.
1026 1191 1196 1290 Typogr.
1214 1232 1264 1247 -
1283 1191 1388 1264 Haec
1414 1192 1542 1267 onmia
1567 1193 1607 1265 in
1632 1193 1758 1268 fronte
1777 1196 1840 1269 fot.
1873 1226 1901 1271 1.
1922 1200 1958 1271 b.

223 1403 226 1408 ¹
351 1314 512 1413 Epistola
529 1311 758 1386 dedicatoria
780 1309 873 1385 Aldz'
894 1309 940 1382 ad
963 1308 1146 1383 Marsicum
1166 1305 1347 1404 Langzitm
1374 1309 1433 1382 Sa.
1455 1307 1555 1384 Caes.
1571 1311 1658 1409 Maj.
1679 1341 1701 1386 a
1723 1313 1887 1386 Secretis
1916 1331 1956 1389 et

350 1429 606 1530 praepositum
625 1426 878 1525 augustensem
895 1415 946 1482 ’-
962 1449 1051 1498 cum
1070 1423 1338 1524 subscriptione
1370 1427 1526 1499 Veneriis
1555 1427 1673 1502 Sexto
1702 1430 1957 1505 Calendarum

353 1546 498 1646 Aprilis
521 1546 684 1618 MDllll.
707 1529 885 1616 adfinem
905 1541 967 1613 fot.
998 1541 1064 1614 ult.
1089 1547 1171 1637 274.
1198 1541 1428 1640 nonsrgnat.
1465 1543 1622 1617 Veneriis
1649 1546 1778 1622 Mense
1813 1549 1954 1623 Martio

353 1663 517 1736 MDllll.
539 1663 650 1735 Char.
669 1685 766 1738 rom.
781 1657 918 1758 splend.
939 1657 1015 1731 soll.
1037 1664 1118 1754 274.
1139 1655 1224 1754 llgn.
1243 1657 1309 1730 ult.
1330 1658 1404 1732 line
1425 1659 1537 1758 figno.
1558 1661 1620 1736 lin.
1640 1663 1737 1759 57.f.

543 1801 670 1856 Panzeri
684 1797 789 1852 Annal.
808 1799 939 1872 Typogr.
957 1794 991 1850 T.
1000 1789 1028 1850 6.
1047 1814 1075 1869 p.
1086 1795 1148 1868 370.
1165 1795 1203 1849 N.
1214 1795 1279 1868 257.
1297 1797 1398 1853 Mein.
1419 1797 1481 1852 lnd.
1493 1801 1515 1854 1.
1534 1819 1563 1872 p.
1573 1800 1618 1874 76.
1638 1803 1719 1858 Serio
1735 1801 1803 1858 dell'
1820 1803 1951 1860 editioni

638 1889 745 1950 Aldine
761 1908 789 1963 p.
800 1899 843 1962 24
862 1889 899 1943 N.
910 1905 937 1956 3.
955 1889 1037 1942 Duas
1054 1885 1140 1961 plane
1156 1885 1319 1942 differeatet
1333 1887 1473 1944 editiones
1491 1905 1519 1944 et
1536 1881 1652 1964 quidem
1673 1893 1771 1950 eodem
1781 1913 1857 1952 anno
1870 1897 1951 1973 1604.

635 1981 724 2038 laetas
741 1979 836 2036 nostra
859 1978 1043 2035 Bibliotheca
1067 1977 1195 2053 possidet.
1216 1979 1424 2034 Terminantur
1442 1979 1558 2053 quidem
1576 1983 1676 2040 ambae
1694 1984 1745 2041 sol.
1763 1990 1818 2060 273
1835 1989 1954 2063 signato.

642 2073 781 2129 differunt
798 2089 893 2128 tamen
910 2072 942 2125 in
959 2071 1106 2145 principio
1125 2069 1177 2126 sol.
1198 2092 1223 2126 a.
1240 2070 1292 2125 ubi
1308 2071 1433 2144 legitur:
1461 2072 1514 2129 liu.
1532 2075 1563 2130 3.
1577 2079 1608 2130 in
1627 2078 1786 2153 exemplari
1809 2081 1895 2156 supra
1910 2101 1955 2136 re·

639 2167 758 2220 eenlito:
785 2165 816 2218 in
842 2161 946 2235 quibus
969 2163 1073 2216 Atetta
1098 2150 1174 2216 inteir
1189 2161 1217 2215 se
1234 2161 1368 2217 differant
1384 2195 1419 2207 -
1445 2165 1477 2219 in
1495 2167 1586 2222 altero
1604 2169 1778 2244 exemplari:
1806 2173 1958 2246 inquibus

638 2257 794 2312 Animalia
816 2255 892 2309 inter
909 2253 936 2307 se
953 2251 1104 2319 differant,
1129 2253 1222 2328 plenis
1249 2273 1350 2330 nempe
1364 2255 1468 2311 litteris
1486 2257 1558 2313 baec
1578 2261 1728 2336 inscriptio
1747 2263 1901 2320 indicatur.
1921 2269 1958 2320 In

639 2347 798 2422 exemplari
812 2346 946 2402 reeenflto
965 2345 1002 2400 ad
1019 2345 1125 2400 calcem
1140 2345 1192 2399 iol.
1211 2345 1264 2400 ult.
1282 2329 1391 2400 linai.
1412 2349 1552 2420 appositus
1571 2349 1608 2404 ell
1626 2354 1958 2410 AnuueM.D.1111.-

637 2441 670 2496 in
688 2439 778 2495 altero
796 2437 956 2510 exemplari
972 2455 1064 2492 annue
1082 2435 1196 2492 omiss'ue
1213 2437 1279 2491 luit.
1300 2439 1335 2490 ln
1352 2437 1409 2492 boc
1419 2439 1578 2513 exemplari
1592 2443 1776 2516 reperiuntur
1789 2441 1844 2500 lin.
1859 2448 1904 2518 57.
1923 2441 1956 2502 in

637 2529 727 2586 altero
745 2544 856 2584 tantum
879 2529 924 2599 53.
943 2543 970 2582 et
988 2525 1130 2582 eiusmodi
1155 2526 1335 2582 differentiae
1352 2529 1384 2582 in
1404 2530 1610 2585 commentario
1640 2547 1667 2586 et
1681 2530 1796 2588 tabellio
1813 2538 1957 2610 permulta

509 2619 514 2628 '
636 2635 809 2680 occurruntt
838 2638 874 2672 ex
898 2616 1002 2691 quibus
1021 2616 1181 2683 concludo,
1206 2617 1363 2673 editionem
1389 2619 1474 2694 supra
1496 2621 1657 2676 recensitam
1683 2637 1810 2698 tempore
1825 2629 1954 2701 priorem
2053 2637 2055 2640 ’

639 2710 711 2776 elle,
727 2729 794 2766 nam
808 2695 927 2784 ipsemet
942 2707 1037 2764 Aldus
1054 2709 1088 2764 in
1100 2707 1279 2783 praelatione
1294 2709 1405 2778 asserit,
1424 2729 1485 2796 eam
1503 2710 1538 2766 ab
1553 2711 1614 2787 ipso
1633 2715 1811 2772 emendatam
1827 2717 1917 2776 soille.
1981 2755 1986 2766 .

448 2905 563 2994 48.-
580 2897 768 3001 Expostno
786 2901 1009 3001 Hymnomm
1035 2927 1124 2976 cum
1141 2902 1300 2978 notabili
1328 2920 1570 2992 commento,
1594 2909 1699 3007 quod
1721 2907 1870 3010 semper
1887 2911 1957 2987 im-

350 3023 466 3124 plicat
478 3020 659 3094 Historias
676 3045 765 3093 cum
788 3019 943 3119 optimis
962 3017 1246 3119 allegationibus
1265 3019 1387 3096 sacrae
1409 3022 1614 3122 scripturae
1631 3027 1786 3102 illorum
1798 3030 1956 3105 Sancto-

348 3165 438 3214 rum
450 3141 512 3214 vel
522 3140 758 3222 Sanctarum,
777 3137 823 3211 de
835 3136 972 3236 quibus
982 3137 1076 3211 tales
1091 3137 1237 3237 Hymni
1254 3135 1511 3227 decantantur,
1532 3168 1579 3215 ex
1595 3143 1732 3243 quibus
1742 3145 1893 3244 pollunt
1904 3149 1955 3222 sa-

349 3257 420 3331 cile
445 3257 491 3331 de
515 3255 658 3332 eisdem
683 3253 830 3328 Sanctis
861 3254 985 3352 colligi
1019 3253 1211 3328 sermones
1238 3255 1447 3353 peroptimi
1483 3255 1688 3334 subiunctis
1713 3265 1956 3360 quorundam

265 3395 268 3402 ’
349 3373 623 3448 vocabulorum
640 3371 947 3472 expositionibus.
976 3371 1075 3444 Cum
1094 3371 1221 3469 effigie
1239 3370 1325 3470 sign.
1339 3373 1514 3470 Evangel.
1536 3373 1638 3472 ligno
1655 3375 1775 3450 incisa.
1789 3381 1951 3456 -Haec

308 3551 316 3568 .
351 3489 390 3563 in
409 3491 534 3564 lronte
552 3489 666 3562 -ad
685 3489 802 3560 finem
815 3487 878 3560 fol.
900 3487 1953 3596 70·b,·Hymnariu³cumbffllae¹p0s1110ness⁰tabilique

350 3609 580 3704 Commento
599 3629 736 3702 magna
753 3629 842 3678 cum
857 3603 1050 3702 diligentia
1064 3629 1153 3677 cum
1163 3629 1280 3701 quam
1294 3604 1467 3701 pluribus
1484 3601 1565 3676 aliis
1580 3603 1733 3704 hymnis
1748 3609 1855 3708 prius
1872 3639 1952 3687 non

348 3723 484 3798 additis
495 3719 781 3796 elaboratislime
794 3721 965 3817 Bast'leae
977 3716 1476 3818 imprelluspeer‘chaelem
1493 3711 1624 3794 Furtea
1645 3723 1759 3798 Anno
1778 3727 1950 3804 incarna.

347 3840 464 3914 tionis
483 3838 694 3913 dominicae
704 3836 997 3910 MCCCCCllll.
1017 3835 1078 3907 die
1089 3833 1351 3930 proximapost
1364 3833 1570 3910 nativitatis
1580 3837 1855 3936 gloriollllimae
1865 3843 1954 3916 Vir-

253 4007 257 4014 .
347 3955 444 4051 ginis
462 3955 606 4026 Maniae
621 3953 863 4050 -Sequitur
880 3950 1007 4022 tabula
1028 3949 1284 4046 Hyrnnorum.
1313 3949 1423 4024 Char.
1445 3952 1548 4049 goth.
1568 3953 1658 4028 min.
1675 3955 1751 4030 loll.
1769 3983 1825 4052 70.
1845 3985 1950 4035 num.

352 4069 391 4142 in
410 4084 493 4142 toto
514 4095 570 4166 71.
588 4068 651 4163 lin.
670 4069 737 4140 ult.
755 4067 817 4140 fol.
839 4067 896 4139 31.
916 4071 948 4153 4.
1690 4052 1694 4060 ’

541 4207 670 4262 Rumori
685 4203 791 4260 Annal.
809 4205 942 4279 Typogr.
962 4204 998 4266 T.
1008 4201 1036 4264 6.
1051 4222 1082 4278 p.
1102 4198 1165 4275 178.
1183 4203 1221 4258 N.
1234 4203 1448 4291 31.-videtut
1465 4207 1563 4263 eadem
1583 4207 1633 4264 elle
1651 4211 1800 4287 expofitio,
1818 4221 1951 4290 quamvis

628 4297 691 4356 ,illa
711 4299 840 4353 Panaeti
863 4297 1002 4371 incipiat:
1028 4296 1178 4372 Exposuio
1200 4296 1405 4354 sententiarum
1429 4315 1460 4356 et·
1480 4301 1667 4371 Hymuorum
1695 4323 1760 4362 eum
1779 4309 1948 4372 Commenta

637 4387 773 4444 bislotioo
791 4405 846 4450 etc.

444 4565 503 4657 49.
519 4597 570 4618 -
586 4557 744 4632 Ioannis
775 4553 926 4629 Tortelz'i
946 4555 1096 4630 Aren'ni
1119 4556 1165 4632 de
1194 4558 1479 4660 Orthographia
1496 4577 1686 4668 {pactatus
1704 4612 1750 4630 -
1778 4571 1947 4648 eiusdem

345 4667 501 4774 loannis
528 4675 679 4774 Tonelii
697 4673 1019 4775 Lima'quaedam
1044 4699 1114 4773 per
1141 4677 1330 4773 Georginm
1359 4678 1502 4751 Vallum
1530 4680 1575 4754 de
1603 4681 1948 4786 orthographia-

350 4795 454 4870 Haec
470 4795 511 4872 in
527 4794 654 4872 fronte
664 4831 718 4912 ²⁸..
730 4793 794 4871 fol.
816 4821 844 4884 ι,
866 4791 901 4866 b.
922 4791 1050 4866 Parni
1061 4791 1187 4878 Priusci
1199 4793 1396 4873 Mantuani
1410 4796 1572 4896 Epistola
1588 4798 1640 4876 ad
1651 4801 1777 4876 Franc.
1801 4807 1948 4903 Capella

1594 4914 1624 4987 C
1640 4941 1662 4987 2
