4706 5868
663 705 665 710 ,
745 629 1001 704 clmooos
1027 640 1402 722 menoclttemous
1428 642 1567 704 Mnxx.
1795 682 1797 688 .
1891 653 1959 725 119

640 815 737 874 thore·
762 820 944 894 interpretati
967 819 1049 886 [runt.
1076 819 1126 881 tub
1143 822 1229 900 Anno
1250 821 1330 898 2519.
1354 819 1487 886 exhibea
1504 819 1575 880 haec
1592 835 1687 878 nutem
1705 819 1846 880 snitum
1862 815 1953 880 editio

642 910 721 966 Anni
741 910 821 968 2520.
837 911 890 988 iptt
906 911 1010 988 ignota
1028 929 1099 968 erat.
1945 907 1949 919 ’

345 1109 348 1116 ⁴
445 1079 529 1177 367.
544 1115 593 1134 ·-
608 1079 700 1152 Divi
716 1078 1098 1152 Claudianillsamerti
1110 1079 1305 1154 Vienenfia
1323 1079 1535 1154 Galliarum
1554 1079 1754 1180 Episcopi,
1778 1080 1823 1155 de
1847 1083 1957 1158 Statu

349 1194 517 1283 animae,
538 1195 626 1270 libri
641 1213 738 1283 tres,
769 1193 874 1269 Petro
884 1195 1088 1293 Mostatlano
1101 1197 1353 1298 recognitore.
1372 1197 1541 1293 Bastiae,
1567 1222 1666 1271 anno
1684 1197 1737 1272 M.
1747 1198 1794 1270 D.
1806 1197 1956 1272 XX.-

346 1313 519 1389 Haecin
549 1314 673 1390 fronte
698 1313 817 1388 limbo
844 1314 982 1414 splend.
1010 1309 1150 1392 inclusa
1177 1359 1219 1374 -
1247 1313 1310 1390 fol.
1333 1312 1417 1390 eod.
1446 1315 1487 1388 B.
1509 1315 1550 1388 P.
1570 1313 1772 1414 msellamff
1787 1315 1958 1416 Epistola

348 1431 396 1506 ad
417 1427 466 1506 D.
492 1433 690 1508 Mariorum
714 1431 761 1510 de
783 1431 936 1508 Lochau
952 1475 1002 1492 -
1019 1461 1056 1534 p.
1075 1435 1152 1532 196.
1183 1434 1245 1506 lin.
1272 1457 1325 1506 ιι.
1344 1431 1422 1507 divi
1442 1433 1643 1507 Claudrbni
1651 1432 1825 1509 Mamerti
1837 1432 1955 1508 trium

348 1547 537 1626 librorum
555 1549 601 1624 de
619 1551 730 1628 Statu
746 1549 894 1626 animae
909 1548 1006 1626 finio.
1025 1588 1071 1604 -
1086 1579 1123 1651 p.
1145 1578 1223 1649 197.
1246 1549 1418 1646 Basileae
1435 1549 1537 1648 apud
1554 1547 1685 1622 Adam.
1704 1549 1807 1624 Petri
1824 1549 1953 1630 Mense

348 1665 558 1742 Februario
573 1668 688 1742 Anno
704 1667 813 1742 MD.
823 1665 1119 1766 XX.÷-inllgne
1141 1667 1262 1742 Adam
1273 1663 1435 1740 Petri-
1450 1691 1487 1766 p.
1506 1665 1585 1765 198.
1607 1664 1865 1742 excudebatur
1877 1668 1954 1740 Ba-

332 1781 437 1877 selae
453 1783 570 1858 ductu
583 1785 759 1858 Lrtdovz'ci
771 1783 944 1860 Horuken
962 1801 1002 1860 et
1020 1782 1218 1882 Godofredi
1229 1787 1389 1885 lltlorpr'r'
1399 1812 1436 1884 p.
1461 1810 1539 1882 ¹99·
1557 1782 1713 1859 censura
1730 1783 1859 1886 operio
1878 1783 1955 1858 for·

360 1899 483 1976 mellis
503 1883 625 1976 excull
641 1945 686 1960 -
709 1901 823 1977 Char.
838 1902 900 1978 lat.
922 1928 1009 2002 pag.
1028 1906 1107 2002 196.
1125 1905 1186 2002 fig.
1207 1902 1247 1975 in
1262 1918 1356 1976 toto.
1378 1927 1458 2000 ¹99·
1476 1899 1541 1978 lin.
1558 1925 1618 2000 ²7·
1635 1906 1669 1990 4.
1932 1951 1935 1956 -

537 2041 788 2134 Pauori-Annal.
808 2042 941 2120 Typogr.
961 2044 997 2098 T.
1008 2061 1037 2118 9.
1056 2063 1085 2120 p.
1095 2037 1158 2120 389
1185 2041 1224 2098 N.
1232 2041 1298 2116 354.

439 2205 523 2282 368.
542 2249 587 2264 -
604 2210 728 2288 Verba
746 2211 823 2322 Dei
850 2226 994 2312 quanto
1010 2209 1176 2286 candore
1207 2226 1246 2284 et
1264 2235 1380 2310 quam
1398 2203 1553 2308 lyncere
1573 2207 1804 2308 praedicari,
1832 2235 1951 2308 quan-

326 2337 458 2424 'taque
483 2325 719 2404 solicitudine
738 2330 902 2405 universl
936 2329 1099 2404 debeant
1120 2324 1320 2401 addiscere.
1353 2367 1397 2382 —
1429 2323 1703 2419 Carolffladtits.
1734 2325 1880 2399 Contra
1902 2326 1951 2399 D.

345 2439 520 2514 Ioannem
537 2443 709 2531 Eclritm,
728 2448 794 2546 qui
813 2446 1062 2522 manifestarie
1093 2444 1210 2530 dixit,
1235 2443 1338 2519 aliud
1356 2440 1560 2516 dicendum
1577 2440 1829 2539 theologillis,
1849 2441 1952 2516 aliud

341 2559 447 2654 gregi
465 2560 696 2650 Christiano,
718 2563 820 2638 aliud
839 2563 878 2636 in
888 2563 1046 2650 Schola,
1065 2562 1167 2638 aliud
1185 2562 1225 2636 in
1247 2559 1398 2636 ecclefia
1415 2556 1666 2645 concluditur,
1687 2557 1822 2632 eadem
1837 2572 1951 2658 atque

340 2673 472 2748 omnia
486 2676 772 2778 scripturarum
790 2681 1001 2756 testimonia
1011 2679 1229 2756 Christianis
1239 2675 1421 2778 ¹omnibus
1433 2672 1664 2750 inculcanda.
1682 2716 1732 2731 —
1747 2675 1948 2760 Contenta,

204 2821 213 2830 ·
340 2789 445 2864 versa
462 2795 607 2892 pagella
624 2795 773 2869 indicat.
790 2840 840 2854 -
864 2799 1135 2895 Vuzitenbergae
1154 2795 1254 2895 apud
1264 2794 1500 2898 Melchz'orem
1518 2791 1726 2871 Lottdemm
1744 2789 1949 2878 iuniorem,

339 2907 454 2981 Anno
481 2911 532 2982 M.
550 2912 597 2984 D.
618 2912 707 2984 XX.
733 2913 818 2987 finit
837 2913 900 2987 fol.
917 2941 975 3011 27.
1003 2914 1038 2987 b.
1065 2915 1126 2988 lin.
1145 2913 1178 2985 3.
1206 2912 1252 2986 de
1275 2909 1462 2984 memoria
1478 2909 1591 2982 Eetii
1607 2949 1653 2965 -
1670 2908 1807 2982 verbis.
1837 2924 1951 3009 atque

340 3023 511 3100 incensus
530 3029 576 3102 ad
599 3030 947 3106 remaledicendum
967 3031 1133 3106 abducar
1151 3025 1277 3128 infign.
1300 3029 1401 3127 May.
1422 3027 1561 3101 domus
1587 3027 1725 3101 Saxon.
1752 3025 1863 3130 Char.
1887 3027 1949 3100 lat.
2081 3041 2087 3055 “
2235 3021 2240 3034 '

338 3142 527 3218 minutiis:
542 3145 640 3243 gloll.
659 3167 777 3246 marg.
795 3148 872 3222 foll.
887 3139 944 3247 27'.
964 3151 1051 3248 fign.
1072 3148 1213 3244 li'nsd'7.
1231 3155 1264 3238 4.

483 3295 486 3302 ’
530 3285 660 3340 Ponzen'
677 3285 783 3348 Annal.
802 3289 935 3364 Typogr.
954 3289 990 3345 T.
1002 3307 1030 3364 9.
1047 3307 1077 3364 p.
1089 3289 1134 3355 75.
1153 3287 1248 3359 N-75.

432 3403 514 3549 369.
535 3493 581 3511 -·
601 3453 686 3556 Pub.
714 3456 864 3554 Wrgilii
880 3457 1047 3531 Maronis
1066 3456 1273 3529 Poetarum
1304 3450 1441 3552 optimi
1469 3447 1655 3524 Aeneidos
1673 3446 1781 3520 Libri
1802 3447 1944 3522 duode-

336 3569 422 3642 cim.
443 3570 610 3642 Summis
626 3587 729 3645 certe
748 3571 905 3671 vigiliis,
925 3574 1132 3673 laboreque
1150 3593 1382 3669 praemagno
1405 3564 1577 3663 castigati.
1603 3607 1647 3622 -
1668 3564 1773 3636 Haec
1793 3563 1831 3635 in
1841 3563 1947 3637 fron-

337 3701 376 3762 te
393 3711 481 3760 cum
498 3693 531 3773 4.
552 3687 717 3762 verfibus
739 3691 931 3763 Alcim'-
945 3690 1008 3763 sol.
1029 3689 1111 3763 eod.
1140 3689 1175 3763 b.
1201 3686 1365 3786 Epistola
1381 3682 1499 3756 Nicol.
1528 3679 1691 3752 Gerbelli
1707 3678 1753 3752 ad
1768 3678 1947 3754 studiosos

337 3802 557 3877 lectoree-
576 3803 640 3878 fol.
662 3813 739 3902 ¹47·
766 3806 830 3880 lin.
853 3809 905 3880 16.
921 3805 1010 3880 finis'
1026 3831 1072 3880 ex
1090 3806 1244 3881 aedibus
1261 3797 1525 3875 Schurerianis
1548 3797 1677 3874 Mense
1706 3797 1811 3874 Julio
1831 3799 1946 3872 Anno
2018 3821 2022 3830 ·
2126 3799 2132 3808 ’

339 3942 361 3992 a
386 3918 532 3992 Christo
557 3937 647 3994 nato
666 3925 717 3995 M.
727 3924 774 3995 D.
787 3923 877 3996 XX.
902 3921 983 3996 usui
1001 3922 1270 3998 Studiosorum
1294 3918 1346 3993 dii
1370 3932 1480 4017 cepta
1498 3913 1708 3994 succedent.
1728 3919 1792 3992 fol.
1814 3927 1892 4016 147.
1909 3922 1945 3994 b.

336 4035 575 4132 Argumenta
593 4037 796 4113 duodecim
817 4040 1005 4115 librorum
1017 4039 1220 4116 Aeneidos.
1240 4079 1292 4098 -
1311 4035 1424 4110 Char.
1449 4035 1511 4110 lat.
1538 4031 1615 4106 foll.
1642 4043 1720 4134 ¹47·
1751 4063 1831 4110 non
1856 4037 1945 4137 tigni

336 4151 401 4226 lin:
420 4179 479 4248 27.
499 4152 706 4252 interjectis
733 4155 858 4257 spatiis
871 4166 904 4248 4.
1039 4208 1043 4218 «

526 4294 656 4352 fanan·
681 4297 786 4352 Annal.
808 4299 940 4375 Typogr.
966 4300 1001 4356 T.
1011 4301 1037 4358 6.
1053 4320 1082 4375 p.
1092 4309 1138 4376 94·
1157 4297 1272 4374 N·597·
1288 4291 1389 4374 Ὲςᾶἱῑῑθ
1408 4289 1444 4348 ³3
1460 4285 1633 4364 ῙΡῙΘΝΙΜΜΙ
1647 4291 1776 4348 'imm‘
1806 4299 1944 4374 “ml’‘’fi’

624 4405 700 4444 certo
718 4389 874 4446 referenda.

427 4553 511 4649 370.
529 4591 578 4610 ·-
593 4556 668 4632 Ars
683 4562 915 4636 memorativa
932 4545 1559 4661 Gue'lc'elmileporez'Avallonenfis.
1571 4590 1622 4607 -
1637 4497 1740 4628 Haec
1757 4555 1795 4628 in
1813 4501 1944 4634 fronte,

333 4695 424 4744 cum
439 4670 566 4772 infign.
587 4673 758 4776 Typogr.
774 4677 868 4753 Bad.
887 4678 1055 4777 Ascensii
1067 4679 1166 4756 infra
1176 4671 1443 4754 venundantur
1459 4665 1500 4739 iu
1515 4665 1817 4773 Chalcographia
1829 4667 1942 4752 lodo,

332 4788 371 4860 ci
388 4787 506 4866 Badti'
518 4791 691 4890 Ascensti'.
713 4837 757 4866 -ι-
769 4795 842 4874 tot.
860 4797 946 4874 eod.
961 4797 998 4874 b.
1018 4797 1182 4898 Epistola
1197 4798 1277 4876 lod.
1293 4790 1410 4874 Badis·
1426 4783 1593 4890 Astenfi'i
1615 4791 1852 4872 dunelmum
1868 4797 1939 4896 loy
