4706 5868
415 649 483 698 120
811 641 1050 704 cumocus
1076 593 1451 704 nonoonnnnicos
1476 641 1617 700 nnxx.
1693 699 1697 706 ,
1734 705 1735 708 Ν
1769 602 1775 614 ’

405 818 696 918 porcum—fol.
714 819 771 893 32.
789 819 852 893 lin.
873 849 925 894 11.
945 821 1030 894 finit
1044 847 1133 895 curn
1151 827 1185 910 4.
1203 821 1368 896 verfibus
1384 821 1486 894 Petri
1505 820 1670 894 Vemalis
1687 817 1930 895 Semurionci
1951 823 2017 896 Al·
2101 901 2106 916 ,

414 935 523 1011 cctici
544 937 590 1012 ad
614 936 808 1011 lectorem.
827 938 939 1012 Char.
958 938 1018 1012 lat.
1039 938 1143 1037 gloss.
1165 964 1282 1038 marg.
1303 939 1381 1012 soll.
1400 939 1458 1012 32.
1477 939 1562 1038 sign.
1579 937 1642 1011 lin.
1660 937 1717 1010 26.
1736 943 1770 1025 4.
1876 956 1879 966 ·

606 1073 690 1150 ¹Opus
711 1073 885 1140 rorissimum
909 1074 1066 1132 hucusdum
1085 1093 1146 1132 non
1168 1077 1350 1140 recensitum
1368 1077 1455 1133 otiam
1474 1076 1509 1134 de
1527 1077 1647 1134 authore
1667 1076 1821 1133 Gidiielmo
1837 1075 1963 1168 Leporeo
1980 1078 2014 1132 in

700 1166 818 1224 Lexicio
833 1167 1011 1224 eruditorum
1029 1168 1129 1226 desunt
1145 1169 1276 1246 notitiae.

508 1334 592 1430 371.
613 1376 661 1392 -
686 1335 904 1435 Pomponius
928 1336 1029 1409 Mela
1046 1323 1096 1410 ¹de
1121 1336 1190 1434 ficu
1208 1338 1312 1412 orbis
1340 1335 1385 1410 ab
1405 1336 1603 1408 Hennolao
1624 1333 1855 1408 Barbaro'et
1869 1335 2013 1409 Joonne

417 1453 578 1524 Camene
595 1451 786 1552 castigatus
803 1478 891 1527 curn
916 1453 1049 1528 indice.
1068 1495 1117 1510 -
1139 1454 1299 1527 Haecin
1323 1453 1449 1552 fronte
1479 1451 1598 1525 limbo
1627 1450 1924 1525 circumdata-
1948 1452 2012 1524 foi.

414 1568 498 1643 eod.
517 1568 552 1642 b.
580 1569 788 1671 Tranquilli
801 1569 997 1642 Parthenii
1013 1595 1157 1644 carmen
1178 1570 1448 1670 Afilepzizdeum
1476 1569 1514 1643 in
1536 1569 1707 1669 Pompon.
1721 1569 1868 1643 Melam.
1882 1607 1926 1626 -
1950 1567 2013 1641 fol.

415 1686 473 1758 50.
490 1685 576 1783 sign.
591 1685 655 1758 lin.
678 1686 731 1758 13.
753 1684 970 1785 impressum
998 1687 1155 1762 Venonii
1170 1690 1284 1760 Anno
1299 1687 1458 1761 Domini
1484 1687 1538 1759 M.
1550 1684 1599 1758 D.
1616 1687 1706 1760 XX.
1728 1685 1800 1785 seq.
1816 1684 1924 1757 Joan.
1946 1687 2013 1758 Ca-

415 1805 538 1874 menis
550 1801 712 1900 Epistola
727 1844 772 1862 -
791 1803 962 1876 eiusdem
979 1803 1220 1878 tetrastichon
1234 1848 1281 1864 -
1303 1805 1427 1880 index.
1451 1803 1562 1879 Char.
1582 1803 1685 1903 goth.
1705 1802 1783 1877 foll.
1800 1803 1954 1916 fign.5p.
1975 1803 2014 1876 in

414 1933 498 1993 toto
517 1921 574 1993 60.
595 1918 657 1992 lin.
669 1945 727 2016 29.
743 1925 778 2008 4.
1277 1949 1279 1960 ’
1365 1951 1366 1958 “

606 2058 734 2115 Panzeri
750 2059 855 2115 Annnl.
873 2061 1006 2136 Typogr.
1025 2061 1060 2116 T.
1070 2055 1098 2117 6.
1115 2059 1217 2137 p2463.
1235 2061 1273 2118 N.
1286 2072 1366 2136 1044.

509 2231 592 2328 372.
605 2230 819 2329 -Erasmi
833 2233 1069 2308 Rotarodami
1080 2234 1355 2310 Parabolarum
1378 2234 1451 2310 slve
1473 2233 1648 2310 similium
1670 2234 1766 2308 liber
1784 2257 1831 2306 cx
1855 2233 2016 2310 secunda

413 2350 676 2448 recognitione
696 2352 889 2444 Selestadii
904 2352 1006 2450 apud
1027 2354 1210 2427 Lazarum
1231 2351 1465 2426 Schureniam.
1484 2397 1531 2413 -
1548 2352 1653 2426 Haec
1673 2351 1712 2424 in
1730 2350 1856 2424 fronte
1874 2393 1920 2408 —
1946 2352 2013 2425 fol.

412 2467 496 2541 eod.
523 2466 558 2540 b.
582 2468 730 2565 Erasini
741 2469 977 2542 Boterodami
1001 2469 1163 2568 Epistola
1189 2471 1235 2544 ad
1260 2470 1403 2543 Petrum
1434 2469 1639 2568 Aegiiiiom.
1657 2508 1701 2526 -
1729 2467 1791 2540 fol.
1812 2469 1870 2540 62.
1897 2467 1960 2541 lin.
1979 2467 2012 2542 3.

413 2583 606 2678 Selcfiodii
628 2585 667 2658 in
687 2585 843 2660 aedibus
874 2588 1019 2660 Lazari
1042 2587 1225 2662 Schureril
1246 2587 1372 2661 Mense
1401 2587 1569 2686 Augusto
1595 2587 1709 2662 Anno
1732 2584 1945 2660 M.D.XX.
1965 2625 2013 2644 -

411 2698 539 2799 infigo.
560 2701 730 2801 Typogr.
753 2703 864 2776 Char.
886 2702 947 2776 lat.
965 2704 1041 2777 foll.
1059 2692 1118 2780 62².
1137 2730 1217 2778 non
1237 2703 1325 2802 fign.
1343 2705 1407 2778 lin.
1421 2705 1479 2794 34.
1497 2711 1531 2795 4.

602 2839 704 2894 Editio
722 2859 782 2894 non
800 2841 944 2894 rocenfico.

505 3011 588 3107 373.
608 3052 658 3068 -·-
685 3013 724 3084 F.
743 3012 902 3086 Joonnis
927 3016 1033 3116 Clavi
1059 3013 1243 3089 Philermi
1258 3015 1512 3116 Elchingenfis
1532 3015 1572 3088 in
1595 3015 1705 3091 divae
1721 3013 1857 3091 Matris
1876 3017 2012 3092 Asinae

409 3125 560 3200 laudem
577 3129 668 3200 odae
684 3130 874 3227 Sapphico
890 3172 940 3187 —
962 3131 1066 3205 Haec
1094 3132 1134 3204 in
1159 3133 1285 3208 fronte
1305 3159 1393 3207 cum
1421 3135 1531 3205 icone
1549 3133 1591 3206 Β.
1611 3133 1795 3232 Virginis.
1815 3173 1861 3190 -
1890 3134 1956 3206 fol.
1974 3135 2010 3207 6.

409 3243 609 3344 zinpreffiam
629 3244 895 3345 Nurembergae
915 3274 985 3346 per
1001 3249 1221 3322 Fredericum
1243 3249 1385 3350 Peypus
1400 3249 1528 3324 Mense
1546 3248 1664 3322 Junio
1686 3249 1801 3322 Anno
1821 3275 1844 3322 a
1863 3248 2032 3333 Christo,

407 3376 498 3436 nato
514 3363 567 3435 M.
577 3360 626 3435 D.
635 3361 725 3436 XX.
749 3361 875 3462 infigo.
893 3366 1064 3464 Typogr.
1079 3367 1119 3440 F.
1136 3367 1176 3441 P.
1199 3365 1311 3440 Char.
1328 3367 1390 3440 lat.
1409 3363 1484 3439 foll.
1506 3365 1541 3437 6.
1555 3389 1634 3438 non
1652 3362 1738 3462 fign.
1758 3363 1822 3436 lin.
1841 3363 1899 3435 3ο.
1916 3371 1951 3452 4.

599 3497 701 3556 Editio
718 3501 770 3576 ipfi
785 3503 910 3557 Pnnzero
927 3503 1088 3579 incognita.

406 3710 408 3716 ·
503 3669 587 3766 374.
611 3710 655 3728 -
679 3669 1019 3746 Declamatiuncula
1038 3673 1078 3746 in
1096 3674 1211 3750 Pauli
1225 3656 1453 3746 Doctrinam
1472 3709 1519 3728 -
1544 3669 1707 3768 Epistola
1732 3669 1780 3742 ad
1802 3667 2009 3756 lobanncm

404 3784 552 3882 Hqffum
572 3785 815 3884 Theologum
835 3787 1002 3888 Philippi
1011 3789 1290 3866 Melanchtonis.
1301 3832 1348 3846 -
1365 3789 1469 3892 Hace
1486 3788 1525 3861 in
1542 3788 1668 3861 fronte
1689 3812 1776 3860 curn
1790 3785 1918 3884 infign.
1935 3785 2004 3862 do-

402 3927 489 3976 mus
517 3903 736 3978 saxonicae.
769 3905 1033 4004 Witenbergae
1061 3908 1163 4007 apud
1188 3905 1419 3980 Melchiorem
1450 3902 1643 3980 lotherum
1669 3903 1862 3977 iuniorem
1891 3903 2007 3976 Anno

403 4019 616 4098 M.D.XX.
635 4029 668 4111 4.
685 4065 735 4078 -
751 4021 814 4095 fol.
834 4021 916 4098 eod.
935 4023 970 4097 h.
994 4025 1156 4123 Epistola
1173 4023 1551 4098 PhiiMelanchtonis
1570 4021 1614 4098 ad
1623 4023 1879 4122 Hicronymum
1890 4020 2008 4093 Bron-

404 4160 478 4209 ner.
494 4177 540 4196 -
560 4138 624 4211 sol.
647 4145 700 4228 14.
715 4139 778 4212 lin.
798 4138 855 4212 30.
875 4140 971 4214 finis.
994 4141 1105 4215 Char.
1127 4141 1191 4213 lat.
1209 4140 1285 4214 foll.
1303 4167 1383 4215 non
1398 4140 1484 4245 figo.
1509 4147 1563 4230 14.
1578 4139 1642 4212 lin.
1658 4139 1716 4227 34.
1736 4145 1771 4227 4.
1957 4130 1960 4142 ’

594 4277 722 4332 Ραηιενί
738 4277 844 4334 Annol.
865 4279 998 4352 Typogr.
1017 4279 1053 4336 T.
1062 4296 1089 4354 9·
1107 4298 1137 4354 p.
1145 4277 1190 4352 76.
1210 4277 1249 4334 N.
1259 4273 1305 4334 80.
1351 4345 1354 4352 .

444 4489 447 4494 -
500 4445 583 4542 375.
603 4485 654 4505 -·
679 4448 794 4521 Bulla
809 4450 944 4525 Leonis
965 4453 1011 4524 X.
1038 4466 1171 4525 contro
1191 4477 1340 4526 errores
1372 4453 1529 4528 Martini
1553 4453 1710 4525 lutheri
1731 4463 1769 4526 et
1795 4448 2009 4550 sequacium

405 4583 493 4634 cum
509 4560 640 4660 infigni
658 4562 857 4661 Pontificio
876 4568 914 4640 in
935 4567 1059 4642 fronte
1081 4568 1144 4641 fol.
1170 4595 1199 4641 1.
1224 4611 1272 4626 -
1299 4568 1362 4643 foi.
1385 4599 1415 4667 7.
1432 4572 1495 4644 lin.
1515 4569 1573 4658 43.
1594 4569 1725 4644 datum
1746 4567 1886 4640 Romae
1906 4564 2007 4664 opud

403 4669 572 4753 sanctum
588 4677 729 4750 Petnem
751 4682 866 4754 Anno
887 4683 1156 4758 incarnationis
1174 4681 1407 4771 dominicae,
1425 4685 1608 4761 Milessmo
1627 4683 1928 4787 quing'cntefimo
1951 4681 2010 4752 vi*

408 4793 545 4896 gefimo
563 4792 690 4874 XVll.
708 4795 797 4900 'ulis
818 4797 921 4878 Julii.
942 4799 1188 4882 pontificatus
1207 4801 1321 4882 nostri
1344 4799 1458 4878 Anno
1482 4820 1620 4882 octavo
1645 4803 1695 4864 -ὲ-
1719 4797 1795 4879 viso
1815 4801 1859 4872 R.
1878 4797 2010 4870 Millo-
