4696 5860
388 641 435 718 32
784 667 1024 728 carnosus
1050 667 1436 729 sraarooaarrucus.
1463 669 1598 728 narn.

488 839 547 936 87.
564 881 611 900 -
641 843 758 942 Opera
788 847 994 946 Vr'rgz'ltirna
1015 847 1125 921 docte
1151 863 1189 922 et
1209 847 1446 924 familiariter
1471 848 1807 948 expafitazdocte'
1836 851 1993 949 quidem

391 955 569 1034 Bucolica
592 976 629 1033 et
659 962 848 1062 Georgica
873 967 1049 1049 aServio,
1073 967 1219 1039 Donato
1247 983 1284 1040 et
1310 967 1534 1040 Mancinello
1566 992 1652 1040 cum
1678 965 1988 1040 annotationibus

390 1075 649 1152 Beroaldt'm's:
675 1081 816 1156 Aeneis
832 1108 926 1158 vero
954 1083 1000 1156 ab
1023 1083 1157 1158 iisdem
1185 1099 1337 1183 praeter
1361 1085 1623 1158 Mancinellum
1656 1099 1694 1158 et
1718 1083 1765 1158 ab
1795 1080 1994 1180 Augustino

388 1191 514 1268 Datto
530 1194 568 1268 in
586 1196 667 1270 'eius
691 1197 891 1298 principio.
921 1199 1204 1300 Opusculorum
1222 1217 1420 1298 praeterea
1434 1201 1620 1300 quaedam
1648 1229 1669 1274 a
1693 1202 1887 1274 Domestica
1907 1201 1987 1272 Col-

385 1309 520 1386 den'no.
548 1313 799 1388 Familiariter
813 1341 906 1390 vero
928 1317 1057 1390 omnia
1070 1334 1150 1391 tam
1168 1343 1304 1416 opera,
1325 1343 1440 1417 quarn
1456 1317 1634 1418 opuscula
1651 1319 1698 1392 ab
1715 1319 1844 1392 ledaco
1870 1318 1991 1390 Badio

387 1425 557 1525 Astansrb
575 1471 625 1488 -·
642 1431 885 1506 recensentur
910 1433 1108 1532 opuscula,
1131 1460 1208 1533 quo
1233 1432 1368 1507 ordine
1388 1450 1475 1508 ante
1492 1435 1663 1508 Aeneida
1683 1435 1801 1534 posita
1827 1434 1922 1510 sunt.
1941 1475 1991 1492 -

389 1543 550 1642 Signum
578 1563 729 1646 typogr.
757 1575 844 1622 cum
870 1549 1141 1649 subscriptione
1171 1551 1316 1624 Iohann
1344 1551 1446 1624 Petit.
1466 1595 1511 1610 ·-
1537 1551 1640 1626 Dein
1658 1551 1704 1626 ad
1729 1553 1870 1627 calcem
1891 1578 1987 1652 quae

389 1661 518 1734 omnia
536 1662 583 1736 ab
597 1662 676 1762 ipso
692 1665 860 1764 Ascensus>
875 1667 1068 1765 impendio
1087 1669 1244 1740 loannis
1257 1672 1368 1766 parvi
1378 1668 1584 1767 compressa
1601 1685 1639 1741 et
1661 1670 1858 1768 recognita
1877 1695 1985 1768 prae·

389 1780 483 1850 liant
500 1777 565 1851 sub
583 1779 715 1856 Leone
732 1800 910 1882 argenteo
933 1783 1033 1884 apud
1059 1784 1212 1858 Puriir's
1236 1785 1275 1856 in
1296 1783 1358 1857 via
1386 1785 1489 1884 regia
1511 1785 1557 1859 ad
1585 1786 1716 1859 divum
1742 1785 1919 1859 Iacobum.
1940 1827 1989 1842 -

388 1893 495 1968 Haec
520 1897 650 1972 omnia
675 1898 712 1972 in
738 1900 875 1975 fronte.
910 1901 1148 1979 Praecedunt
1176 1901 1356 2006 operibus
1381 1903 1529 2000 Virgilii
1548 1901 1710 2001 Epistola
1734 1903 1860 1974 lodoci
1877 1903 1994 1975 Bada·

389 2009 611 2110 Asteth'iad
629 2015 676 2090 D.
696 2015 904 2114 Anselmum
925 2019 971 2092 de
994 2005 1153 2094 Breuere.
1181 2016 1398 2116 Subscripta
1414 2045 1460 2093 ex
1484 2017 1639 2093 cilicina
1656 2019 1839 2092 litteraria
1855 2020 1894 2091 in
1915 2018 1988 2090 Pa·

386 2120 547 2225 nsiorum
572 2133 715 2206 Lutetia
735 2135 780 2210 ad
804 2150 983 2218 octavum
997 2137 1185 2210 Kalendas
1201 2137 1323 2233 Majus
1341 2135 1427 2209 DV.
1453 2152 1492 2211 et
1517 2133 1645 2210 rursus
1670 2135 1855 2208 Novemb.
1880 2133 1984 2206 Airni

388 2245 726 2352 ala-redemptione
751 2253 917 2328 bumana
939 2253 1105 2328 MDVIl.
1131 2253 1277 2328 Tabula
1301 2270 1476 2328 content:
1495 2295 1545 2312 -
1567 2253 1710 2326 Lundz'i
1731 2253 1919 2327 Praefatio
1940 2295 1985 2312 -·
2107 2331 2115 2336 ,

384 2361 569 2462 Epistolae
588 2394 621 2442 2.
641 2369 1210 2468 Mancrbelli-Badti'Ascensii
1222 2388 1536 2472 praenotamenta
1553 2397 1642 2446 eum
1653 2372 1770 2443 Servii
1779 2385 1985 2444 comment.

385 2477 485 2556 libro
505 2483 568 2558 fol.
590 2513 618 2560 1.
644 2485 831 2587 incipiunt
854 2489 1048 2588 Aeglogae
1064 2531 1115 2546 -
1131 2489 1194 2563 sol.
1210 2515 1293 2562 202.
1319 2489 1382 2562 lin.
1403 2488 1460 2562 30.
1487 2485 1572 2561 finis
1597 2487 1877 2588 opusculorum.
1910 2487 1985 2558 Ha-

382 2595 449 2672 bes
468 2598 585 2698 igitur
602 2602 779 2679 inventus
792 2605 939 2706 optima
954 2605 1161 2704 vergiliana
1178 2605 1256 2681 sere
1274 2633 1393 2707 opera
1410 2604 1646 2680 familiariter
1657 2605 1865 2703 explanata.
1884 2605 1984 2678 Nam

379 2714 845 2816 priapeium‚'0bscenum
862 2722 957 2796 illud
972 2722 1165 2823 epigrama
1183 2749 1263 2798 non
1279 2723 1549 2822 vergilianam,
1576 2721 1638 2796 sed
1666 2721 1887 2796 ovidianum
1916 2719 1986 2796 elle

382 2831 422 2904 in
440 2833 534 2908 sacie
558 2835 671 2910 huius
692 2839 898 2912 voluminis
917 2837 979 2910 seu
1001 2837 1117 2913 libelli
1134 2841 1258 2915 ultimi
1280 2840 1360 2940 (sol.
1380 2842 1457 2929 146.
1475 2840 1528 2938 b.)
1549 2839 1860 2938 praenotavimus
1877 2866 1885 2910 ε
1902 2845 1984 2910 'cu-

377 2945 589 3052 iuscunque
611 2967 740 3024 autem
755 2955 822 3039 all,
849 2953 1049 3050 indignum
1064 2959 1130 3041 est,
1156 2955 1261 3053 quod
1276 2956 1492 3030 Christianis
1517 2983 1546 3030 r.
1564 2955 1667 3028 castis
1685 2955 1839 3028 auribus
1864 2979 1980 3054 expo-

378 3076 503 3138 natur.
530 3065 749 3141 Catalecton
764 3096 857 3144 vero
878 3097 959 3144 non
980 3071 1138 3169 Vergilii)
1156 3070 1218 3144 sed
1234 3096 1446 3171 puerorum
1464 3071 1619 3144 lectioni
1635 3071 1709 3144 line
1735 3071 1878 3145 iactura
1899 3069 1983 3144 sub-

377 3178 574 3257 traximus.
602 3183 778 3284 lmprelsa
799 3183 883 3262 sunt
902 3187 996 3262 haec
1013 3186 1143 3262 omnia
1156 3186 1285 3262 rursus
1305 3185 1351 3260 ab
1365 3185 1537 3284 Ascensr'o
1556 3187 1595 3258 in
1611 3187 1753 3284 inclyta
1764 3187 1982 3283 PunJiorum

377 3295 585 3374 Academia
606 3300 653 3377 ad
673 3303 862 3378 Kalendas
881 3303 1015 3379 Junias
1040 3305 1208 3380 MDVll.
1236 3303 1347 3378 Char.
1367 3328 1464 3376 rom.
1488 3301 1628 3403 splend.
1648 3303 1688 3375 in
1716 3316 1825 3376 textu
1851 3303 1979 3401 grand

376 3411 417 3488 in
435 3441 572 3492 comm.
593 3418 683 3494 min.
704 3418 837 3520 glossae
859 3447 975 3522 marg.
997 3421 1074 3498 soll.
1092 3449 1174 3498 202.
1204 3421 1289 3522 llgn.
1313 3420 1377 3495 lin.
1402 3435 1529 3496 textus
1551 3421 1609 3509 48.
1638 3443 1777 3493 comm.
1798 3421 1856 3516 67.
1881 3419 1980 3493 titul.

378 3533 651 3636 rubro-niger.
672 3537 693 3612 s.

565 3675 716 3730 Pontem
733 3677 765 3732 in
783 3677 890 3732 Annal·
907 3677 1040 3752 Typogr.
1060 3677 1096 3734 T.
1107 3699 1135 3750 7.
1154 3697 1184 3752 p.
1196 3693 1256 3732 aoo.
1278 3675 1366 3752 longe
1384 3675 1470 3732 aliter
1486 3675 1651 3749 hocopus,
1670 3676 1803 3750 quamvis
1818 3673 1893 3728 illud
1905 3675 1979 3729 eius

663 3767 727 3822 dem
745 3787 809 3822 cum
827 3767 920 3823 nostra
938 3767 1074 3825 editionis
1090 3769 1138 3834 sit,
1157 3767 1293 3824 recenset:
1315 3769 1347 3822 in
1365 3767 1461 3824 nostro
1479 3768 1556 3822 enim
1575 3765 1733 3841 amplari
1746 3765 1842 3820 verim
1857 3765 1979 3819 Ascenlii

664 3857 701 3914 ad
721 3859 890 3925 Lactora,
907 3842 979 3932 q¹uos
995 3860 1082 3916 relert
1099 3863 1270 3926 Panaetius,
1288 3879 1346 3914 non
1364 3861 1575 3924 inveniuntur,
1595 3857 1712 3931 aliaque
1727 3858 1848 3910 omnino
1862 3855 1899 3910 stt
1915 3855 1979 3910 sub·

666 3949 802 4024 scriptio,
820 3967 894 4024 quae
909 3949 946 4006 ad
970 3951 1056 4006 finem
1071 3951 1160 4006 nostri
1183 3951 1355 4026 exemplaris
1372 3951 1546 4008 verbotenus
1569 3949 1692 4004 adducta
1711 3948 1788 4014 tuit,
1814 3967 1849 4002 ex
1875 3945 1980 4022 quibus

662 4058 783 4118 apparet
802 4041 966 4098 Panaenus
981 4041 1038 4098 hoo
1053 4061 1128 4118 opus
1142 4061 1202 4098 aon
1218 4061 1284 4098 ante
1301 4044 1418 4100 occulos
1430 4041 1576 4106 babuisse,
1594 4041 1728 4114 quinimo
1744 4039 1881 4114 suspicor,
1899 4037 1978 4111 quod

661 4133 721 4210 ipse
729 4135 917 4190 Naittuirius
927 4149 960 4188 ut
969 4153 1005 4188 ex
1019 4135 1197 4190 comestione
1206 4135 1298 4205 (sexto
1315 4135 1379 4190 idus
1389 4133 1578 4206 Novembris)
1587 4135 1619 4188 in
1629 4149 1698 4188 nota
1709 4150 1738 4207 9.
1754 4131 1790 4185 1.
1803 4149 1827 4186 e.
1848 4131 1976 4204 appoflta

663 4241 801 4300 apparet,
822 4225 898 4282 illud
914 4245 973 4281 uon
989 4225 1115 4288 siderite
1136 4227 1254 4282 interim
1271 4225 1348 4282 illud
1363 4225 1468 4300 absque
1485 4223 1576 4280 dnbio
1591 4223 1629 4278 ad
1642 4223 1798 4278 rarissimas
1819 4219 1978 4276 seditiones

670 4319 791 4390 Virgilii
807 4318 988 4374 relemdurn
1005 4317 1051 4374 ut.
1078 4321 1124 4374 De
1138 4319 1216 4373 Bure
1233 4317 1304 4374 dans
1321 4317 1351 4372 la
1368 4315 1590 4392 Bibliograpltie
1616 4314 1785 4368 instructive
1801 4331 1819 4368 a
1837 4313 1875 4368 N.
1892 4311 1975 4386 2659.

659 4403 748 4478 usque
764 4405 845 4480 270&
865 4411 943 4484 qnasi
959 4428 1057 4466 ornnes
1074 4407 1215 4465 editiones
1232 4409 1438 4486 praeclariores
1462 4409 1580 4482 largitat
1599 4426 1636 4460 ex
1653 4407 1825 4461 Muittcirio
1841 4403 1975 4479 deprom-

658 4510 723 4570 ptas
737 4497 868 4566 abbir,
886 4501 922 4554 de
938 4499 994 4556 bac
1011 4519 1106 4557 autem
1120 4504 1207 4557 Anno
1225 4503 1304 4574 ²⁵⁰7·
1327 4499 1453 4574 Panfiis
1470 4497 1546 4554 iacta
1560 4495 1638 4554 nihil
1652 4511 1802 4551 memorat.

467 4685 526 4762 88.
542 4723 594 4746 ·-
607 4682 767 4758 Jooaats
782 4683 919 4756 sionei
929 4689 968 4758 ei
984 4687 1068 4760 Pici
1079 4687 1316 4762 Mirandulae
1331 4685 1491 4761 Domini
1515 4699 1554 4758 et
1576 4681 1802 4756 concordiae
1822 4673 1973 4750 comitis

371 4805 418 4880 de
436 4827 568 4884 rerum
582 4797 833 4902 praenotione
851 4799 937 4874 libri
955 4826 1097 4876 novem
1113 4828 1186 4902 pro
1204 4801 1363 4878 veritate
1380 4799 1577 4900 religionis
1592 4811 1727 4870 contra
1742 4787 1970 4890 superstitio-

1063 5238 1256 5344 J
