4694 5878
805 655 1045 715 catatoous
1072 653 1446 760 Blnrtoottsrntcus
1472 651 1708 786 MCfCCLlsV.

596 835 953 892 Mccchxxx1111.in
968 834 1075 909 vigilia
1092 834 1220 890 Simonis
1231 824 1572 909 etJudaeApottolo'run
1583 829 1689 886 finiunt
1707 829 1839 889 feliciter.
1859 863 1895 876 -
1913 833 1998 890 Char.

572 991 575 996 ⁸
595 928 676 1004 goth.
695 928 746 983 sol.
765 959 801 970 -
818 929 1007 983 Musunirs'ur
1025 929 1060 982 T.
1075 949 1099 983 r.
1125 930 1154 982 P.
1166 943 1191 982 2.
1214 946 1244 1001 p.
1262 926 1326 1001 460.
1343 923 1418 981 illud
1434 945 1469 980 ert
1488 897 1679 980 iiim
1691 925 1808 990 «simleri
1825 945 1854 1001 p.
1869 927 1932 999 ⁵87·
1951 931 1999 982 Se·

592 1023 692 1094 quenti
710 1021 797 1077 modo
815 1019 944 1076 indicat!
963 1021 1087 1077 Joonm'e
1109 1020 1233 1076 Koesner
1249 1018 1284 1073 de
1307 1019 1443 1074 Wanclrel
1457 1021 1480 1073 I.
1497 1017 1529 1074 C.
1548 1017 1737 1071 summarium
1753 1034 1781 1073 et
1799 1017 1991 1076 conclufionea

595 1129 653 1167 tam
675 1113 850 1188 glossarum,
877 1131 963 1186 quam
979 1107 1129 1168 doctorum
1146 1114 1222 1168 circa
1240 1114 1356 1168 sextum
1369 1111 1556 1168 decretalium
1578 1113 1611 1166 in
1627 1109 1822 1168 florentissimo
1842 1111 1936 1168 studio
1954 1130 2001 1167 co·

592 1207 714 1262 lobiensi
731 1205 851 1261 collecta
868 1207 954 1262 Auno
970 1205 1083 1261 domini
1100 1203 1179 1278 1463.
1195 1205 1264 1260 item
1280 1205 1435 1261 summaria
1452 1221 1481 1259 et
1496 1204 1688 1270 conclusiones
1702 1205 1735 1258 in
1752 1203 1938 1260 clementinas
1946 1205 2000 1260 im·

590 1299 697 1374 pressae
713 1319 764 1374 per
779 1299 825 1354 Jo.
844 1297 964 1372 Kocdos
972 1283 1185 1372 Lubctcensem)¹
1196 1295 1258 1352 col.
1278 1293 1357 1370 1484.
1372 1329 1408 1341 -
1426 1298 1458 1352 Si
1471 1297 1656 1372 conserantur
1669 1295 1726 1352 bae
1743 1297 1917 1353 recenfionee
1934 1315 1999 1352 cum

596 1391 669 1457 illa,
687 1410 774 1464 quam
791 1391 942 1466 praemisi,
960 1405 1079 1465 apparet
1095 1389 1208 1459 nullutn
1223 1388 1329 1446 horum
1347 1389 1454 1458 titulo,
1479 1405 1507 1445 et
1525 1368 1699 1445 condusioni
1717 1387 1799 1444 finali
1819 1409 1838 1446 a
1852 1408 1898 1444 nae
1914 1385 1998 1443 exhi⁶

591 1483 669 1538 bitae
687 1481 857 1557 respondere
868 1501 876 1544 ς
887 1481 1026 1556 redeoque
1039 1501 1130 1538 unum
1149 1481 1268 1539 alterius
1287 1500 1399 1538 errores
1424 1477 1598 1556 descripsisse.
1614 1493 1650 1524 -’
1667 1477 1770 1538 Dubia
1785 1497 1859 1538 certe
1878 1485 1929 1555 p'er
1942 1479 2000 1535 hoc

590 1575 835 1650 multiplicantur,
844 1573 960 1648 quando
975 1573 1046 1630 libri
1053 1574 1232 1630 solummodo
1243 1573 1395 1629 secundum
1405 1573 1590 1630 traditionem
1603 1573 1727 1629 aliorum
1741 1573 1930 1628 recensentur.
1950 1591 1998 1627 ex·

524 1721 526 1727 ,
596 1687 703 1744 ponam
715 1667 844 1741 adeoque
859 1668 976 1743 ipsemet
985 1665 1073 1722 dubia
1083 1664 1298 1732 etrellexionea‚
1307 1661 1464 1740 quaemihi
1473 1667 1587 1724 ratione
1595 1665 1683 1722 huius
1694 1664 1832 1721 editionis
1850 1661 1999 1722 obvenere.

690 1778 761 1816 rmo.
783 1760 891 1817 Omnes
905 1757 1106 1834 bibliographi
1122 1773 1182 1814 tam
1196 1759 1383 1814 summarium
1409 1757 1536 1814 textuale
1558 1777 1644 1832 quam
1661 1758 1845 1814 clementinae
1863 1774 1999 1850 tanquam
2076 1733 2100 1766 δ’

594 1871 685 1908 urum
703 1871 795 1928 opus,
821 1851 999 1926 eandemque
1021 1850 1178 1908 editionem
1203 1865 1231 1906 et
1250 1849 1404 1906 abeodem
1426 1849 1611 1927 typographo
1635 1851 1741 1906 iactam
1768 1849 1999 1909 considerarunta

592 1931 783 2018 quod'tamen
801 1945 911 2018 ipsimet
928 1943 1101 2019 inspectioni
1118 1943 1233 2018 oculari
1249 1943 1336 2018 plane
1351 1945 1528 1999 contrarium
1546 1941 1593 1999 esi.

689 2043 724 2108 a)
744 2038 940 2095 Summarium
956 2038 1034 2092 enim
1052 2035 1180 2092 textuale
1194 2051 1222 2094 et
1237 2035 1426 2092 clementinae
1443 2051 1533 2092 unum
1545 2036 1721 2108 eundemque
1731 2033 1912 2090 collectorem
1923 2053 2001 2090 nem·

592 2150 629 2206 pe
646 2131 788 2186 Jeannem
805 2128 840 2184 da
854 2123 987 2187 'Vanelrel
1006 2130 1019 2202 (
1028 2147 1087 2184 non
1102 2130 1246 2187 Joannem
1265 2129 1300 2184 da
1323 2128 1481 2201 Waneltel)
1502 2143 1627 2184 attamen
1642 2147 1702 2182 non
1722 2125 1844 2182 eundem
1861 2141 2000 2203 typogra-

588 2221 680 2296 phum
697 2219 812 2278 habent.
1364 2278 1367 2286 f

609 2327 617 2341 “
687 2315 719 2386 b)
747 2317 782 2368 ln
802 2315 959 2370 summario
978 2313 1100 2370 textuali
1125 2313 1326 2390 typographus
1352 2331 1412 2370 non
1430 2313 1594 2372 indicatur:
1615 2312 1648 2368 id
1666 2311 1743 2387 quod
1763 2311 1840 2387 apud
1858 2328 1999 2389 typogra-

590 2405 665 2482 phos
681 2423 824 2462 annorum
837 2407 949 2482 primae
967 2422 994 2462 at
1005 2406 1145 2463 secundae
1161 2406 1274 2463 decadis
1284 2406 1533 2484 typographicae,
1550 2408 1595 2461 uti
1614 2404 1809 2481 Scltoepstinns
1820 2407 1999 2462 etMeermc·
2056 2391 2065 2402 ⁴

585 2518 640 2552 nus
657 2498 769 2572 saepius
786 2513 1020 2571 conqueruntur,
1036 2499 1070 2556 in
1090 2499 1143 2556 ttsu
1163 2515 1233 2555 erat.
1825 2571 1828 2576 Ι
1960 2517 1962 2522 ·

683 2595 713 2660 c)
734 2591 854 2655 Simia,
876 2591 1066 2647 Maittnt'rius
1086 2606 1114 2647 et
1130 2589 1189 2668 ipse
1204 2589 1354 2647 Panrerus
1374 2591 1566 2668 appertissime
1581 2605 1695 2657 errant,
1713 2609 1777 2644 curn
1788 2593 1904 2646 Annum
1915 2591 1994 2666 146⁵.

590 2681 696 2738 verbo:
722 2683 1052 2762 cellectalanteponunu
1078 2683 1153 2742 aliua
1171 2687 1248 2744 crim
1263 2685 1357 2761 sensus
1375 2687 1539 2752 evincitur,
1559 2683 1639 2762 quasi
1655 2683 1789 2740 collectio
1809 2699 1837 2766 et
1856 2701 1915 2766 non
1941 2686 1995 2740 iut-

586 2771 692 2848 pressio
710 2776 795 2828 Anno
816 2773 897 2848 2465.
927 2773 1003 2831 sacta
1027 2777 1069 2833 sit.
1097 2778 1232 2850 quamvis
1256 2778 1289 2832 in
1309 2777 1468 2854 exemplari
1487 2775 1637 2834 clarissime
1656 2773 1812 2850 expressum
1827 2775 1877 2830 sit:
1911 2779 1928 2850 ζζ
1963 2779 1995 2832 in

586 2863 783 2919 florentissimo
801 2861 893 2921 siudio
910 2867 1065 2943 coloniensi
1080 2867 1210 2926 collecta.
1230 2905 1266 2920 -
1284 2874 1371 2956 rinno
1387 2872 1506 2947 gratiae
1524 2865 1725 2926 tactem
1730 2867 1761 2922 V.
1778 2869 1811 2925 t'n
1828 2869 1929 2944 vip'tia
1943 2891 1995 2947 pu·

572 2948 761 3030 ¹rr'fitntiem‘s
780 2957 883 3013 beatae
898 2957 947 3014 dei
961 2961 1111 3034 genitricis
1132 2963 1253 3036 virginis
1268 2961 1388 3020 Mariae
1405 2959 1611 3038 gloriofiffime
1627 2951 1775 3038 impressa.

602 3077 605 3090 ·
681 3046 716 3120 d)
735 3049 971 3125 &respiciemur
989 3051 1202 3119 Quaem,
1229 3067 1292 3108 eote
1308 3055 1390 3112 eoelc
1405 3055 1468 3110 'ille
1480 3057 1512 3112 iu
1529 3051 1686 3111 summario
1705 3048 1829 3111 annuli
1849 3075 1866 3110 a
1882 3053 1997 3114 &arao

583 3139 898 3199 tere'olementinarum
916 3141 1022 3199 differt.
1042 3145 1237 3200 Sammarium
1256 3146 1333 3202 enirn
1353 3147 1475 3202 textuali
1497 3145 1591 3202 latino
1613 3147 1773 3204 characteri
1788 3147 1889 3221 aliquo
1907 3147 1994 3204 modo

586 3229 713 3295 accedit;
729 3235 761 3288 in
779 3232 958 3290 clementinis
975 3251 1046 3290 vero
1062 3233 1209 3291 character
1227 3237 1364 3312 antiquus
1388 3237 1522 3312 gothicus
1547 3237 1687 3311 rudisque
1703 3234 1840 3305 videtur,
1866 3241 1909 3294 ita
1928 3241 1992 3314 qui·

545 3315 549 3322 ¹
583 3325 667 3392 dem,
686 3339 719 3380 ut
732 3343 792 3382 non
810 3325 867 3381 fine
882 3325 1069 3382 fundamento
1087 3311 1338 3403 dubitaripossit‚
1361 3343 1459 3384 utrum
1478 3328 1627 3405 exemplar
1648 3329 1885 3384 clementinamm
1903 3334 2000 3400 Anno,

584 3413 665 3494 2484.
682 3416 816 3474 coloniae
833 3417 1031 3494 impressorum
1046 3437 1109 3475 non
1124 3417 1161 3474 ad
1180 3417 1270 3490 aliam
1290 3419 1465 3490 milonem,
1480 3439 1567 3498 quarn
1583 3421 1666 3478 illem
1683 3425 1769 3476 Anno
1782 3419 1862 3493 146⁵.
1879 3421 1993 3478 indica·

558 3529 560 3534 ·
580 3525 638 3566 tam
655 3511 807 3586 pertineat.
1321 3519 1325 3530 '

677 3609 706 3675 e)
729 3603 834 3678 Quoad
849 3603 1008 3678 signaturis
1026 3603 1192 3663 differentia
1215 3605 1304 3682 longe
1322 3611 1415 3689 major
1433 3605 1470 3664 est
1488 3627 1497 3672 ς
1523 3605 1622 3664 eadam
1640 3623 1669 3662 et
1683 3608 1716 3664 in
1736 3605 1841 3664 littaris
1864 3609 1990 3669 initiali-

580 3693 650 3760 bus,
672 3697 706 3750 in
724 3695 840 3768 charta,
858 3713 890 3752 et
906 3697 937 3752 in
955 3695 1214 3766 lineiadiversitas.
1233 3730 1269 3744 -
1294 3701 1356 3755 irno
1373 3683 1461 3756 etiam
1476 3683 1573 3774 quoad
1593 3697 1850 3776 subscriptionem
1872 3693 1991 3757 sumnia·

580 3788 659 3842 rium
675 3787 802 3844 textuale
817 3790 850 3844 in
869 3788 936 3845 sesio
953 3789 1178 3865 purificationis,
1193 3789 1381 3848 clementinae
1397 3807 1467 3848 vero
1484 3805 1583 3868 utpote
1599 3789 1669 3847 buic
1682 3807 1808 3866 tempore
1824 3792 1992 3868 posteriores

463 3929 471 3940 .
577 3883 637 3960 jam
650 3881 683 3936 in
699 3879 770 3936 ieslo
789 3881 918 3938 Simonis
938 3897 967 3937 et·
982 3881 1079 3940 Judoe
1095 3883 1194 3940 initae
1214 3901 1303 3942 erana
1344 3935 1347 3941 .

676 3971 741 4030 edo.
764 3971 859 4030 cuso
877 3971 1054 4046 quaestionis
1069 3975 1199 4050 adeoque
1220 3977 1389 4036 tranmissus
1407 3977 1454 4036 his
1473 3977 1727 4043 annotationibus,
1749 3996 1819 4051 quas
1838 3979 1989 4034 solummo-

484 4064 488 4072 ’
578 4064 616 4120 do
634 4063 671 4120 ad
686 4063 917 4122 demonstrandae
931 4067 1122 4124 recensionem
1141 4067 1334 4125 aberrationee
1352 4068 1461 4148 adjeci,
1479 4072 1511 4125 in
1527 4090 1560 4128 ao
1577 4071 1721 4128 uniatur:
1747 4085 1844 4125 utrum
1855 4084 1988 4146 typogra-

576 4157 650 4232 pln'e
668 4155 842 4232 Anreorqfisi.
864 4159 1001 4216 Coloniae
1018 4161 1081 4216 iem
1099 4163 1250 4223 extiteritr
1278 4159 1313 4215 de
1335 4179 1394 4234 qao
1421 4179 1494 4216 certe
1518 4180 1579 4218 non
1598 4163 1774 4224 dubitaturt
1801 4163 1987 4218 Memnones

577 4249 659 4324 *anim
673 4249 705 4302 in
722 4251 885 4324 originibus
903 4252 1140 4328 typographicis.
1157 4253 1297 4328 Denisa'ue
1316 4269 1345 4309 et
1361 4251 1448 4309 multi
1464 4253 1519 4308 alii
1532 4256 1711 4328 argumentis
1725 4249 1900 4310 solidiffimie
1911 4271 1986 4310 com-

578 4337 794 4414 probaverunt,
819 4343 948 4398 Ulrt'aum
973 4345 1099 4400 Zellium
1116 4343 1315 4421 Guttendergit'
1340 4361 1369 4402 et
1392 4345 1496 4420 Faassti
1513 4345 1687 4422 discipulam
1700 4349 1829 4424 primurn
1856 4350 1986 4404 omnium

580 4429 735 4487 Coloniam
752 4435 938 4510 agrippinam
961 4436 1121 4512 etquidem
1136 4437 1345 4496 circadarum
1372 4438 1450 4513 2462.
1477 4437 1619 4498 advexisse
1643 4439 1889 4516 typographiam,
1910 4458 1988 4496 conr·

577 4521 732 4597 pluresque
748 4525 839 4582 libros
856 4530 980 4608 majorae
999 4545 1028 4586 et
1043 4531 1170 4586 minoret
1185 4529 1292 4605 absque
1308 4531 1422 4588 indicio
1437 4531 1518 4600 loci,
1543 4536 1614 4590 anni
1632 4548 1660 4588 et
1679 4531 1858 4608 typographi
1876 4547 1903 4587 et
1922 4533 1986 4605 qui·

575 4614 640 4671 dem
660 4613 765 4671 litteris
784 4633 845 4673 non
862 4620 980 4698 sculptis
995 4621 1044 4679 sed
1058 4623 1124 4679 iude
1137 4624 1292 4698 nitoreque
1300 4623 1345 4681 ⁴ud
1357 4628 1563 4701 moguntinum
1577 4625 1683 4702 Farfir'
1699 4627 1831 4703 proxime
1847 4623 1981 4683 acceden·

576 4717 604 4763 te
619 4706 802 4781 impressisset
1148 4756 1152 4766 ,

671 4800 727 4858 Hie
744 4799 872 4876 adeoque
893 4807 1025 4880 expofitis
1045 4807 1320 4866 anamarteton
1339 4807 1460 4866 addon:
