4694 5878
245 639 276 679 ρ
385 603 453 678 156
782 618 1021 679 siraconus
1049 615 1422 677 erectoonlerncus
1447 617 1651 674 nouxxu.

381 799 444 872 lin.
466 799 524 886 54.
555 797 648 872 finis
669 797 854 897 Epistolae
875 798 926 892 ,ad
950 797 1137 871 Hebreos.
1165 787 1338 870 Colonr'e'ze
1364 795 1539 896 impensis
1567 793 1641 869 luis
1667 795 1835 896 propriis
1862 793 1987 871 Petrus

387 916 557 1016 Quentell
573 914 783 990 excudebat
803 916 854 986 M.
866 915 912 988 D.
924 913 1091 989 XXXll.
1120 915 1237 988 Sexto
1259 915 1346 988 ldus
1363 912 1503 1007 Martii.
1525 911 1636 986 Char.
1658 911 1719 987 lat.
1747 912 1846 1011 gloll.
1870 940 1987 1013 marg.

367 1033 459 1106 -fott
488 1039 565 1122 140.
587 1033 673 1131 fign.
691 1032 731 1105 in
749 1047 843 1105 toto.
870 1034 947 1122 146.
967 1032 1029 1106 lin.
1049 1035 1106 1106 60.
1126 1032 1149 1106 f.
1953 1027 1958 1036 ⁴

575 1172 704 1238 Panaeti
722 1171 827 1228 Annnl.
847 1173 979 1246 Typogr.
997 1173 1033 1231 T.
1044 1171 1071 1228 6.
1088 1193 1115 1248 p.
1125 1167 1189 1244 418.
1209 1166 1317 1226 N.638.

477 1341 559 1414 506.
585 1380 631 1396 -
654 1347 920 1422 uertentem
939 1355 1137 1422 nunant
1154 1357 1234 1422 nar
1250 1357 1362 1424 nun
1381 1351 1632 1422 murnum
1657 1383 1704 1396 —
1731 1339 1992 1438 Expofitiones

383 1456 561 1556 ¹antiquae
579 1483 622 1530 ac
643 1457 881 1532 valdeutiles
899 1444 1219 1542 brevitatemque
1238 1485 1326 1532 cum
1349 1450 1615 1560 perspicuitate
1636 1456 1817 1560 habentes
1838 1456 1990 1532 mirabi-

384 1575 480 1660 lem,
508 1599 554 1646 ex
584 1573 736 1646 diverfis
753 1572 970 1649 sanctorum
992 1591 1147 1674 patrum
1171 1575 1453 1650 commentariis
1475 1576 1520 1650 ab
1551 1575 1765 1648 Oecnmenz'o
1792 1590 1829 1646 et
1852 1573 1992 1646 Aretho

384 1691 564 1766 collectae
587 1690 625 1762 ln
640 1689 752 1764 hosce
774 1691 865 1764 novi
884 1692 1093 1766 testamenti
1113 1707 1306 1766 tractatus.
1337 1693 1548 1766 Oecumenii
1560 1691 1717 1792 quidem
1736 1690 1873 1764 inacta
1889 1692 1993 1791 Apo-

379 1808 571 1882 llolorum.
594 1811 637 1880 ln
651 1806 797 1907 septem
813 1809 983 1908 epistolas
1008 1837 1104 1910 quae
1122 1809 1341 1884 Catholicae
1370 1794 1559 1884 dicuntur.
1583 1813 1627 1882 ln
1639 1809 1753 1881 Pauli
1763 1833 1897 1882 ornnes
1906 1808 1995 1882 Are·

384 1927 475 2000 thoe
495 1929 588 2000 ver'o
606 1925 644 1998 in
660 1925 821 2000 Jonnnr's
837 1926 1112 2028 Apocalymst'm.
1131 1929 1291 2002 Veronae
1317 1923 1370 2002 M.
1380 1928 1427 2000 D.
1441 1925 1608 2000 XXXll.
1637 1929 1724 1999 Non
1748 1923 1823 1998 fine
1841 1924 1996 2024 privile·

385 2045 448 2144 gio
473 2043 690 2144 mulctaque
719 2044 966 2144 pecuniaria,
997 2061 1035 2120 et
1062 2045 1468 2120 excommunicationis
1492 2071 1617 2145 poena
1638 2069 1710 2143 pro
1735 2041 1843 2116 utin
1868 2043 2014 2140 multis·

339 2231 347 2239 .
386 2162 520 2236 nostris
536 2161 744 2261 privilegiis
761 2163 993 2238 continetur.
1013 2205 1064 2222 -
1088 2157 1193 2238 llaec
1218 2163 1257 2236 in
1280 2163 1418 2237 fronte.
1444 2163 1557 2236 Tem.
1584 2189 1612 2237 1.
1640 2161 1703 2235 fol.
1719 2187 1752 2233 a.
1772 2159 1806 2232 b.
1834 2161 2000 2258 Epistola

386 2279 546 2356 maximi
568 2279 713 2354 Donati
730 2281 960 2359 Veronensis
981 2279 1027 2353 ad
1048 2283 1261 2354 Clementem
1289 2279 1491 2380 septimum
1511 2275 1745 2354 Pontificem.
1773 2317 1823 2335 -·
1851 2277 1999 2350 Tomus
2041 2319 2044 2324 ·

388 2397 537 2497 primus
564 2399 647 2472 finit
667 2425 704 2499 p.
723 2401 805 2498 495.
832 2400 895 2473 lin.
915 2399 973 2490 34.
996 2398 1132 2474 verbo:
1158 2409 1318 2478 Tenatio»
1351 2439 1400 2456 ··-
1433 2397 1582 2472 Tomus
1612 2395 1806 2472 secundus.
1838 2421 1874 2492 p.
1895 2403 1997 2480 1014.

388 2515 452 2588 lin.
462 2542 496 2614 9.
524 2515 683 2590 Veronae
701 2517 801 2616 apud
820 2515 1039 2617 Stephanum
1060 2532 1098 2591 et
1118 2516 1253 2591 fratres
1275 2516 1414 2590 Sabim.
1440 2516 1492 2588 Μ.
1506 2515 1553 2590 D.
1564 2511 1733 2589 XXXII.
1750 2511 1877 2606 Mense
1887 2511 1997 2585 Febr.

386 2659 466 2706 non
484 2632 558 2707 fine
575 2633 782 2732 Privilegio
800 2635 1017 2734 mulctaque
1036 2633 1257 2733 pecuniaria
1270 2649 1338 2731 etc.
1360 2634 1471 2707 Char.
1493 2659 1614 2732 graec.
1635 2629 1767 2730 glollae
1780 2655 1895 2727 marg.
1914 2653 1999 2728 pag.¹

388 2749 548 2848 fignatae
571 2757 673 2840 1014.
695 2751 733 2823 in
752 2767 834 2825 toto
856 2751 957 2825 1038.
976 2752 1110 2826 Litter.
1128 2752 1257 2826 initial.
1277 2751 1406 2850 operis
1425 2751 1536 2851 ipllus
1555 2751 1704 2825 rubrae.
1728 2747 1791 2821 lin.
1821 2746 1877 2818 38.
1903 2745 1926 2817 f.

571 2890 714 2944 .Panzera’
729 2887 833 2945 Anunl.
854 2891 985 2965 Typogr.
1013 2891 1047 2944 T.
1060 2891 1086 2945 6.
1113 2889 1216 2964 p.562.
1240 2889 1332 2945 Nau.
1354 2891 1456 2946 ulain.
1486 2891 1560 2944 T.2.
1586 2909 1612 2964 p.
1622 2887 1687 2962 766,
1708 2886 1771 2942 Iud.
1785 2889 1807 2939 l.
1827 2905 1855 2959 p.
1865 2883 1911 2942 66.
1929 2901 1999 2957 opus

681 2999 839 3054 perrarum·

503 3149 586 3223 506.
619 3177 654 3224 a.
690 3189 737 3208 -
776 3149 968 3252 Quadrnns
994 3149 1138 3248 Apz'nni
1156 3146 1412 3242 (astronomicus
1437 3127 1477 3224 et
1497 3149 1575 3246 jam
1597 3175 1729 3226 recens
1759 3150 1936 3230 inventus
1963 3170 2001 3228 et

391 3292 494 3340 nunc
512 3267 683 3366 primum
704 3268 838 3342 editus.
851 3277 900 3324 -'-
920 3266 1020 3340 Huic
1041 3265 1217 3364 adjuncta
1234 3263 1318 3338 lunt
1333 3266 1466 3350 etalia
1481 3266 1727 3340 instrumenta
1743 3268 2001 3344 observatoris

390 3385 550 3485 perinde
569 3413 691 3472 nova,
712 3385 1001 3460 adcommodata
1020 3383 1125 3458 horis
1145 3381 1397 3457 discernendis
1415 3381 1614 3456 nocturnis
1638 3380 1744 3456 fimul
1772 3400 1811 3459 et
1832 3384 1998 3467 diurnis.

392 3504 468 3604 idq.
490 3529 538 3580 ex
554 3503 646 3592 sole,
668 3503 776 3590 luna,
793 3501 940 3604 stellisq.
961 3519 1046 3579 tum
1064 3500 1234 3605 eqraticis
1251 3515 1335 3574 tum
1354 3498 1458 3585 fixis,
1478 3497 1710 3598 adquorum
1728 3515 1857 3582 tamen
1873 3501 2002 3601 cogni·

394 3620 542 3695 tionem
561 3621 660 3723 cuiq.
679 3621 775 3696 citra
798 3645 955 3694 omnem
969 3620 1231 3720 praeceptoris
1254 3639 1414 3717 operam
1434 3616 1543 3698 facile
1565 3617 1934 3715 pervenirelicehit.
1956 3657 2003 3676 -

392 3739 544 3815 Deinde
562 3739 771 3816 altitudinis
786 3740 904 3816 etiarn
930 3737 1140 3826 distantiae,
1168 3735 1515 3837 profunditatisque
1541 3747 1767 3833 puteorum,
1799 3736 2002 3834 turriumq:

396 3857 459 3932 seu
471 3857 733 3933 aedificiorum
752 3855 919 3932 adnexae
935 3855 1019 3931 lunt
1036 3853 1297 3942 dimensiones,
1313 3869 1354 3928 et
1372 3877 1557 3955 aquarum
1573 3877 1687 3953 quoq.
1705 3879 1753 3928 ex
1774 3870 1905 3930 monte
1921 3877 2000 3928 uno

398 3977 438 4049 in
454 3977 572 4050 aliurn
592 3973 849 4050 deductiones.
872 4019 916 4032 -
935 3974 1005 4049 His
1025 3972 1201 4049 omnibus
1218 3971 1389 4057 accedit,
1419 3997 1497 4072 quo
1516 3986 1628 4070 pacto
1647 3997 1717 4069 per
1732 3969 1931 4070 speculum
1953 3970 2004 4044 al·

397 4093 581 4166 titudines
600 4096 874 4166 structurarum
888 4091 1001 4164 variis
1025 4090 1148 4164 modis
1180 4087 1352 4186 cognosci
1375 4103 1526 4186 queant.
1554 4089 1603 4160 Et
1624 4089 1820 4186 quomodo
1844 4085 2001 4162 extends

399 4225 517 4282 noctu
538 4207 664 4306 digitis
689 4207 875 4307 (naturali
896 4207 1084 4306 quodam,
1106 4204 1209 4306 quod
1225 4220 1264 4277 et
1279 4203 1467 4302 Diogenes
1486 4201 1756 4292 admiraretur,
1784 4205 2006 4278 inllrumen-

393 4326 470 4418 to)
498 4325 660 4422 lingulae
680 4323 798 4399 horae
814 4325 936 4398 noctis
959 4321 1148 4396 observari
1168 4321 1370 4396 co'mmode
1387 4317 1534 4424 pollint.
1554 4364 1601 4380 -
1618 4320 1719 4394 Cum
1742 4321 1863 4420 gratia
1878 4319 2005 4395 etPri-

402 4441 543 4540 vilegio
565 4439 760 4526 caesares,
796 4442 903 4516 cuius
936 4442 1131 4542 exemplar
1153 4439 1341 4540 adjectum
1360 4443 1411 4514 est
1438 4437 1703 4512 Allronomico
1726 4438 2007 4540 Imperatorio,

403 4557 602 4660 quodiam
617 4585 749 4633 recens
769 4558 965 4634 edidimus.
984 4561 1099 4633 Anno
1118 4559 1169 4634 M.
1181 4559 1227 4632 D.
1237 4556 1403 4631 XXXll.
1425 4599 1474 4614 -
1495 4555 1599 4630 Haec
1616 4557 1654 4629 in
1672 4556 1797 4631 fronte
1814 4555 2007 4661 cumfigu-

402 4703 448 4750 ra
462 4675 680 4777 quadrantis
698 4677 744 4751 ab
757 4681 903 4776 Apenno
920 4677 966 4751 ad
984 4677 1214 4766 elevationes
1229 4675 1308 4774 poli
1319 4675 1431 4750 activi
1445 4677 1501 4748 50.
1516 4676 1572 4746 51.
1586 4677 1641 4748 52.
1661 4673 1847 4774 graduum
1860 4673 2008 4748 facti.-

405 4791 467 4868 ‘fot
486 4822 518 4868 a.
533 4793 695 4894 Epistola
712 4793 970 4891 Petrr'Aprnnr'
991 4778 1035 4868 ad
1061 4794 1175 4868 Mart.
1205 4793 1471 4866 Zr'mnrermnnn
1491 4791 1657 4868 Caesaris
1675 4790 1941 4868 secretarium.
1967 4831 2007 4849 -
2074 4881 2080 4890 Ι
