<?xml version="1.0" encoding="UTF-8"?>
<!DOCTYPE html PUBLIC "-//W3C//DTD XHTML 1.0 Transitional//EN"
    "http://www.w3.org/TR/xhtml1/DTD/xhtml1-transitional.dtd">
<html xmlns="http://www.w3.org/1999/xhtml" xml:lang="en" lang="en">
 <head>
  <title>
</title>
<meta http-equiv="Content-Type" content="text/html;charset=utf-8" />
  <meta name='ocr-system' content='tesseract 3.04.00' />
  <meta name='ocr-capabilities' content='ocr_page ocr_carea ocr_par ocr_line ocrx_word'/>
</head>
<body>
  <div class='ocr_page' id='page_1' title='image "./catalogusbiblio09biblgoog_0214.png"; bbox 0 0 4694 5878; ppageno 0'>
   <div class='ocr_carea' id='block_1_1' title="bbox 702 621 1950 718">
    <p class='ocr_par' dir='ltr' id='par_1_1' title="bbox 702 621 1950 718">
     <span class='ocr_line' id='line_1_1' title="bbox 702 621 1950 718; baseline -0.002 -23"><span class='ocrx_word' id='word_1_1' title='bbox 702 625 945 696; x_wconf 70' lang='lat' dir='ltr'><strong>certmous</strong></span> <span class='ocrx_word' id='word_1_2' title='bbox 970 625 1345 694; x_wconf 76' lang='lat' dir='ltr'><strong>uruttoonsrutcus</strong></span> <span class='ocrx_word' id='word_1_3' title='bbox 1369 627 1584 708; x_wconf 74' lang='lat' dir='ltr'><strong>lsslllXXVl.</strong></span> <span class='ocrx_word' id='word_1_4' title='bbox 1883 621 1950 718; x_wconf 82' lang='lat'><strong>173</strong></span> 
     </span>
    </p>
   </div>
   <div class='ocr_carea' id='block_1_2' title="bbox 201 805 1949 1732">
    <p class='ocr_par' dir='ltr' id='par_1_2' title="bbox 201 805 1949 1614">
     <span class='ocr_line' id='line_1_2' title="bbox 343 805 1948 914; baseline -0.002 -24"><span class='ocrx_word' id='word_1_5' title='bbox 343 839 435 890; x_wconf 88' lang='lat' dir='ltr'><strong>nere</strong></span> <span class='ocrx_word' id='word_1_6' title='bbox 456 857 501 914; x_wconf 66' lang='lat'><strong>3-</strong></span> <span class='ocrx_word' id='word_1_7' title='bbox 518 813 578 889; x_wconf 87' lang='lat' dir='ltr'><strong>De</strong></span> <span class='ocrx_word' id='word_1_8' title='bbox 593 805 802 914; x_wconf 81' lang='lat' dir='ltr'><strong>privilegiis</strong></span> <span class='ocrx_word' id='word_1_9' title='bbox 817 812 1044 888; x_wconf 82' lang='lat' dir='ltr'><strong>clericorum</strong></span> <span class='ocrx_word' id='word_1_10' title='bbox 1058 849 1110 872; x_wconf 88' lang='lat'><strong>·-·</strong></span> <span class='ocrx_word' id='word_1_11' title='bbox 1124 811 1185 886; x_wconf 86' lang='lat' dir='ltr'><strong>De</strong></span> <span class='ocrx_word' id='word_1_12' title='bbox 1205 812 1512 911; x_wconf 78' lang='lat' dir='ltr'><strong>exemptionibus</strong></span> <span class='ocrx_word' id='word_1_13' title='bbox 1531 850 1581 871; x_wconf 86' lang='lat'><strong>—-</strong></span> <span class='ocrx_word' id='word_1_14' title='bbox 1598 811 1659 888; x_wconf 87' lang='lat' dir='ltr'><strong>De</strong></span> <span class='ocrx_word' id='word_1_15' title='bbox 1676 811 1891 888; x_wconf 78' lang='lat' dir='ltr'><strong>carceribus</strong></span> <span class='ocrx_word' id='word_1_16' title='bbox 1901 855 1948 872; x_wconf 93' lang='lat'><em>-</em></span> 
     </span>
     <span class='ocr_line' id='line_1_3' title="bbox 341 915 1947 1029; baseline -0.002 -21"><span class='ocrx_word' id='word_1_17' title='bbox 341 935 402 1008; x_wconf 90' lang='lat' dir='ltr'><strong>De</strong></span> <span class='ocrx_word' id='word_1_18' title='bbox 421 931 620 1008; x_wconf 81' lang='lat' dir='ltr'><strong>alimentis.</strong></span> <span class='ocrx_word' id='word_1_19' title='bbox 639 972 684 990; x_wconf 84' lang='lat'>-</span> <span class='ocrx_word' id='word_1_20' title='bbox 699 931 804 1006; x_wconf 83' lang='lat' dir='ltr'><strong>llaec</strong></span> <span class='ocrx_word' id='word_1_21' title='bbox 823 931 862 1004; x_wconf 87' lang='lat' dir='ltr'><strong>in</strong></span> <span class='ocrx_word' id='word_1_22' title='bbox 880 923 1008 1004; x_wconf 86' lang='lat' dir='ltr'><strong>fronte</strong></span> <span class='ocrx_word' id='word_1_23' title='bbox 1024 967 1072 990; x_wconf 70' lang='lat'><strong>«-</strong></span> <span class='ocrx_word' id='word_1_24' title='bbox 1089 929 1152 1002; x_wconf 86' lang='lat' dir='ltr'><strong>lol.</strong></span> <span class='ocrx_word' id='word_1_25' title='bbox 1169 930 1307 1004; x_wconf 87' lang='lat' dir='ltr'><strong>eodem</strong></span> <span class='ocrx_word' id='word_1_26' title='bbox 1320 928 1355 1002; x_wconf 94' lang='lat' dir='ltr'><strong>b.</strong></span> <span class='ocrx_word' id='word_1_27' title='bbox 1374 915 1563 1029; x_wconf 86' lang='lat' dir='ltr'><strong>incipiunt</strong></span> <span class='ocrx_word' id='word_1_28' title='bbox 1585 931 1686 1004; x_wconf 86' lang='lat' dir='ltr'><strong>casus</strong></span> <span class='ocrx_word' id='word_1_29' title='bbox 1703 972 1753 988; x_wconf 92' lang='lat'>-</span> <span class='ocrx_word' id='word_1_30' title='bbox 1768 929 1815 1004; x_wconf 81' lang='lat' dir='ltr'><strong>ad</strong></span> <span class='ocrx_word' id='word_1_31' title='bbox 1831 931 1947 1005; x_wconf 87' lang='lat' dir='ltr'><strong>linem</strong></span> 
     </span>
     <span class='ocr_line' id='line_1_4' title="bbox 201 1041 1949 1149; baseline -0.002 -25"><span class='ocrx_word' id='word_1_32' title='bbox 201 1059 205 1068; x_wconf 83' lang='lat'>&#39;</span> <span class='ocrx_word' id='word_1_33' title='bbox 343 1051 405 1125; x_wconf 83' lang='lat' dir='ltr'><strong>fol.</strong></span> <span class='ocrx_word' id='word_1_34' title='bbox 425 1049 648 1149; x_wconf 82' lang='lat' dir='ltr'><strong>exspliciunt</strong></span> <span class='ocrx_word' id='word_1_35' title='bbox 663 1047 796 1147; x_wconf 85' lang='lat' dir='ltr'><strong>glollae</strong></span> <span class='ocrx_word' id='word_1_36' title='bbox 815 1064 854 1122; x_wconf 93' lang='lat' dir='ltr'><strong>et</strong></span> <span class='ocrx_word' id='word_1_37' title='bbox 879 1048 981 1146; x_wconf 82' lang='lat' dir='ltr'><strong>leges</strong></span> <span class='ocrx_word' id='word_1_38' title='bbox 1003 1043 1179 1147; x_wconf 73' lang='lat' dir='ltr'><strong>speciales</strong></span> <span class='ocrx_word' id='word_1_39' title='bbox 1200 1048 1379 1122; x_wconf 82' lang='lat' dir='ltr'><strong>collectae</strong></span> <span class='ocrx_word' id='word_1_40' title='bbox 1404 1071 1479 1147; x_wconf 87' lang='lat' dir='ltr'><strong>per·</strong></span> <span class='ocrx_word' id='word_1_41' title='bbox 1491 1045 1690 1121; x_wconf 90' lang='lat' dir='ltr'><strong>dominum</strong></span> <span class='ocrx_word' id='word_1_42' title='bbox 1707 1041 1949 1121; x_wconf 76' lang='lat' dir='ltr'><strong>Guildelmum</strong></span> 
     </span>
     <span class='ocr_line' id='line_1_5' title="bbox 342 1163 1948 1264; baseline -0.002 -24"><span class='ocrx_word' id='word_1_43' title='bbox 342 1168 387 1240; x_wconf 86' lang='lat' dir='ltr'><strong>de</strong></span> <span class='ocrx_word' id='word_1_44' title='bbox 404 1168 507 1239; x_wconf 83' lang='lat' dir='ltr'><strong>Ludo</strong></span> <span class='ocrx_word' id='word_1_45' title='bbox 527 1167 655 1264; x_wconf 87' lang='lat' dir='ltr'><strong>legum</strong></span> <span class='ocrx_word' id='word_1_46' title='bbox 677 1165 877 1240; x_wconf 87' lang='lat' dir='ltr'><strong>doctorem</strong></span> <span class='ocrx_word' id='word_1_47' title='bbox 898 1205 947 1222; x_wconf 90' lang='lat'>—</span> <span class='ocrx_word' id='word_1_48' title='bbox 961 1163 1026 1237; x_wconf 85' lang='lat' dir='ltr'><strong>lol.</strong></span> <span class='ocrx_word' id='word_1_49' title='bbox 1045 1165 1183 1238; x_wconf 87' lang='lat' dir='ltr'><strong>eodem</strong></span> <span class='ocrx_word' id='word_1_50' title='bbox 1207 1163 1243 1238; x_wconf 91' lang='lat' dir='ltr'><strong>b.</strong></span> <span class='ocrx_word' id='word_1_51' title='bbox 1272 1165 1410 1240; x_wconf 85' lang='lat' dir='ltr'><strong>liniunt</strong></span> <span class='ocrx_word' id='word_1_52' title='bbox 1432 1165 1622 1239; x_wconf 82' lang='lat' dir='ltr'><strong>tractetuli</strong></span> <span class='ocrx_word' id='word_1_53' title='bbox 1648 1205 1699 1222; x_wconf 89' lang='lat'><em>-</em></span> <span class='ocrx_word' id='word_1_54' title='bbox 1727 1164 1838 1239; x_wconf 87' lang='lat' dir='ltr'><strong>Glole</strong></span> <span class='ocrx_word' id='word_1_55' title='bbox 1861 1163 1948 1239; x_wconf 87' lang='lat' dir='ltr'><strong>libri</strong></span> 
     </span>
     <span class='ocr_line' id='line_1_6' title="bbox 343 1263 1949 1382; baseline 0.001 -26"><span class='ocrx_word' id='word_1_56' title='bbox 343 1282 621 1359; x_wconf 83' lang='lat' dir='ltr'><strong>institutionum</strong></span> <span class='ocrx_word' id='word_1_57' title='bbox 639 1323 690 1340; x_wconf 89' lang='lat'><em>-</em></span> <span class='ocrx_word' id='word_1_58' title='bbox 706 1279 818 1358; x_wconf 86' lang='lat' dir='ltr'><strong>Glole</strong></span> <span class='ocrx_word' id='word_1_59' title='bbox 838 1281 1040 1380; x_wconf 76' lang='lat' dir='ltr'><strong>singulares</strong></span> <span class='ocrx_word' id='word_1_60' title='bbox 1059 1263 1247 1355; x_wconf 86' lang='lat' dir='ltr'><strong>libroruin</strong></span> <span class='ocrx_word' id='word_1_61' title='bbox 1267 1280 1548 1357; x_wconf 89' lang='lat' dir='ltr'><strong>autenticorum</strong></span> <span class='ocrx_word' id='word_1_62' title='bbox 1570 1324 1620 1340; x_wconf 90' lang='lat'><em>-</em></span> <span class='ocrx_word' id='word_1_63' title='bbox 1643 1296 1770 1356; x_wconf 86' lang='lat' dir='ltr'><strong>textus</strong></span> <span class='ocrx_word' id='word_1_64' title='bbox 1794 1298 1834 1356; x_wconf 90' lang='lat' dir='ltr'><strong>et</strong></span> <span class='ocrx_word' id='word_1_65' title='bbox 1850 1283 1949 1382; x_wconf 85' lang='lat' dir='ltr'><strong>glole</strong></span> 
     </span>
     <span class='ocr_line' id='line_1_7' title="bbox 274 1395 1949 1498; baseline 0.001 -26"><span class='ocrx_word' id='word_1_66' title='bbox 274 1425 278 1430; x_wconf 91' lang='lat'>·</span> <span class='ocrx_word' id='word_1_67' title='bbox 343 1398 544 1498; x_wconf 87' lang='lat' dir='ltr'><strong>fingulares</strong></span> <span class='ocrx_word' id='word_1_68' title='bbox 574 1397 720 1474; x_wconf 88' lang='lat' dir='ltr'><strong>domini</strong></span> <span class='ocrx_word' id='word_1_69' title='bbox 740 1397 947 1496; x_wconf 74' lang='lat' dir='ltr'><strong>Guilhelmi</strong></span> <span class='ocrx_word' id='word_1_70' title='bbox 958 1396 1005 1470; x_wconf 90' lang='lat' dir='ltr'><strong>de</strong></span> <span class='ocrx_word' id='word_1_71' title='bbox 1022 1395 1124 1471; x_wconf 84' lang='lat' dir='ltr'><strong>Ludo</strong></span> <span class='ocrx_word' id='word_1_72' title='bbox 1145 1397 1273 1496; x_wconf 88' lang='lat' dir='ltr'><strong>legum</strong></span> <span class='ocrx_word' id='word_1_73' title='bbox 1292 1395 1460 1472; x_wconf 86' lang='lat' dir='ltr'><strong>doctoris</strong></span> <span class='ocrx_word' id='word_1_74' title='bbox 1477 1397 1772 1472; x_wconf 84' lang='lat' dir='ltr'><strong>excellentillimi</strong></span> <span class='ocrx_word' id='word_1_75' title='bbox 1790 1439 1834 1462; x_wconf 56' lang='grc' dir='ltr'><strong>ψ-</strong></span> <span class='ocrx_word' id='word_1_76' title='bbox 1860 1425 1949 1473; x_wconf 86' lang='lat' dir='ltr'><strong>curn</strong></span> 
     </span>
     <span class='ocr_line' id='line_1_8' title="bbox 345 1511 1947 1614; baseline 0.002 -26"><span class='ocrx_word' id='word_1_77' title='bbox 345 1511 491 1590; x_wconf 83' lang='lat' dir='ltr'><strong>duabus</strong></span> <span class='ocrx_word' id='word_1_78' title='bbox 508 1513 735 1614; x_wconf 81' lang='lat' dir='ltr'><strong>imaginibus</strong></span> <span class='ocrx_word' id='word_1_79' title='bbox 750 1511 861 1589; x_wconf 84' lang='lat' dir='ltr'><strong>Doct</strong></span> <span class='ocrx_word' id='word_1_80' title='bbox 880 1515 1038 1613; x_wconf 86' lang='lat' dir='ltr'><strong>legentis</strong></span> <span class='ocrx_word' id='word_1_81' title='bbox 1056 1530 1094 1589; x_wconf 88' lang='lat' dir='ltr'><strong>et</strong></span> <span class='ocrx_word' id='word_1_82' title='bbox 1104 1511 1299 1588; x_wconf 85' lang='lat' dir='ltr'><strong>scribentis</strong></span> <span class='ocrx_word' id='word_1_83' title='bbox 1313 1559 1357 1576; x_wconf 85' lang='lat'><em>-</em></span> <span class='ocrx_word' id='word_1_84' title='bbox 1371 1513 1483 1590; x_wconf 86' lang='lat' dir='ltr'><strong>Char.</strong></span> <span class='ocrx_word' id='word_1_85' title='bbox 1501 1515 1604 1613; x_wconf 89' lang='lat' dir='ltr'><strong>goth.</strong></span> <span class='ocrx_word' id='word_1_86' title='bbox 1625 1513 1779 1590; x_wconf 89' lang='lat' dir='ltr'><strong>minulc.</strong></span> <span class='ocrx_word' id='word_1_87' title='bbox 1799 1515 1877 1592; x_wconf 89' lang='lat' dir='ltr'><strong>loll.</strong></span> <span class='ocrx_word' id='word_1_88' title='bbox 1890 1517 1947 1592; x_wconf 86' lang='lat'><strong>56.</strong></span> 
     </span>
    </p>

    <p class='ocr_par' dir='ltr' id='par_1_3' title="bbox 346 1629 1363 1732">
     <span class='ocr_line' id='line_1_9' title="bbox 346 1629 1363 1732; baseline -0.003 -24"><span class='ocrx_word' id='word_1_89' title='bbox 346 1658 426 1708; x_wconf 88' lang='lat' dir='ltr'><strong>non</strong></span> <span class='ocrx_word' id='word_1_90' title='bbox 443 1631 590 1732; x_wconf 71' lang='lat' dir='ltr'><strong>signate.</strong></span> <span class='ocrx_word' id='word_1_91' title='bbox 606 1632 670 1704; x_wconf 91' lang='lat' dir='ltr'><strong>lin.</strong></span> <span class='ocrx_word' id='word_1_92' title='bbox 686 1631 743 1704; x_wconf 85' lang='lat'><strong>32.</strong></span> <span class='ocrx_word' id='word_1_93' title='bbox 764 1631 799 1705; x_wconf 89' lang='lat'><strong>8.</strong></span> <span class='ocrx_word' id='word_1_94' title='bbox 826 1633 890 1704; x_wconf 72' lang='lat' dir='ltr'><strong>Ee</strong></span> <span class='ocrx_word' id='word_1_95' title='bbox 902 1632 1112 1704; x_wconf 82' lang='lat' dir='ltr'><strong>collectione</strong></span> <span class='ocrx_word' id='word_1_96' title='bbox 1127 1629 1363 1705; x_wconf 74' lang='lat' dir='ltr'><strong>Herbz&#39;u&#39;ana.</strong></span> 
     </span>
    </p>
   </div>
   <div class='ocr_carea' id='block_1_3' title="bbox 536 1786 1948 1956">
    <p class='ocr_par' dir='ltr' id='par_1_4' title="bbox 536 1786 1948 1956">
     <span class='ocr_line' id='line_1_10' title="bbox 536 1786 1948 1869; baseline -0.001 -21"><span class='ocrx_word' id='word_1_97' title='bbox 536 1786 628 1848; x_wconf 85' lang='lat' dir='ltr'><strong>Liber</strong></span> <span class='ocrx_word' id='word_1_98' title='bbox 647 1786 755 1844; x_wconf 85' lang='lat' dir='ltr'><strong>nullibi</strong></span> <span class='ocrx_word' id='word_1_99' title='bbox 772 1789 939 1845; x_wconf 76' lang='lat' dir='ltr'><strong>recenfitus:</strong></span> <span class='ocrx_word' id='word_1_100' title='bbox 960 1787 1114 1844; x_wconf 74' lang='lat' dir='ltr'><strong>[erundum</strong></span> <span class='ocrx_word' id='word_1_101' title='bbox 1134 1787 1327 1846; x_wconf 75' lang='lat' dir='ltr'><strong>characterem</strong></span> <span class='ocrx_word' id='word_1_102' title='bbox 1349 1789 1512 1846; x_wconf 83' lang='lat' dir='ltr'><strong>litterarum</strong></span> <span class='ocrx_word' id='word_1_103' title='bbox 1528 1789 1723 1846; x_wconf 81' lang='lat' dir='ltr'><strong>verillmilitet</strong></span> <span class='ocrx_word' id='word_1_104' title='bbox 1747 1807 1783 1846; x_wconf 81' lang='lat' dir='ltr'><strong>er</strong></span> <span class='ocrx_word' id='word_1_105' title='bbox 1806 1805 1948 1869; x_wconf 71' lang='lat' dir='ltr'><strong>typogra-</strong></span> 
     </span>
     <span class='ocr_line' id='line_1_11' title="bbox 633 1879 1842 1956; baseline 0.005 -20"><span class='ocrx_word' id='word_1_106' title='bbox 633 1879 705 1956; x_wconf 79' lang='lat' dir='ltr'><strong>pbir</strong></span> <span class='ocrx_word' id='word_1_107' title='bbox 725 1879 875 1955; x_wconf 77' lang='lat' dir='ltr'><strong>Quentelli.</strong></span> <span class='ocrx_word' id='word_1_108' title='bbox 1839 1933 1842 1942; x_wconf 84' lang='lat'><strong>.</strong></span> 
     </span>
    </p>
   </div>
   <div class='ocr_carea' id='block_1_4' title="bbox 266 2057 1952 2764">
    <p class='ocr_par' dir='ltr' id='par_1_5' title="bbox 389 2057 1949 2168">
     <span class='ocr_line' id='line_1_12' title="bbox 389 2057 1949 2168; baseline 0.003 -26"><span class='ocrx_word' id='word_1_109' title='bbox 389 2135 399 2153; x_wconf 60' lang='lat'>„</span> <span class='ocrx_word' id='word_1_110' title='bbox 439 2069 522 2168; x_wconf 88' lang='lat'><strong>571.</strong></span> <span class='ocrx_word' id='word_1_111' title='bbox 548 2109 597 2127; x_wconf 97' lang='lat'>-</span> <span class='ocrx_word' id='word_1_112' title='bbox 620 2068 780 2142; x_wconf 69' lang='lat' dir='ltr'><strong>Joanmr</strong></span> <span class='ocrx_word' id='word_1_113' title='bbox 796 2065 1041 2166; x_wconf 81' lang='lat' dir='ltr'><strong>Hasenbergii</strong></span> <span class='ocrx_word' id='word_1_114' title='bbox 1064 2057 1239 2156; x_wconf 78' lang='lat' dir='ltr'><strong>Bohemi,</strong></span> <span class='ocrx_word' id='word_1_115' title='bbox 1266 2069 1312 2144; x_wconf 84' lang='lat' dir='ltr'><strong>ad</strong></span> <span class='ocrx_word' id='word_1_116' title='bbox 1330 2070 1665 2158; x_wconf 78' lang='lat' dir='ltr'><strong>Lutheranorum,</strong></span> <span class='ocrx_word' id='word_1_117' title='bbox 1693 2070 1879 2162; x_wconf 87' lang='lat' dir='ltr'><strong>lamolum</strong></span> <span class='ocrx_word' id='word_1_118' title='bbox 1906 2071 1949 2148; x_wconf 90' lang='lat' dir='ltr'><strong>li-</strong></span> 
     </span>
    </p>

    <p class='ocr_par' dir='ltr' id='par_1_6' title="bbox 266 2171 1952 2284">
     <span class='ocr_line' id='line_1_13' title="bbox 266 2171 1952 2284; baseline 0.004 -24"><span class='ocrx_word' id='word_1_119' title='bbox 266 2217 271 2224; x_wconf 92' lang='lat'>·</span> <span class='ocrx_word' id='word_1_120' title='bbox 339 2185 502 2273; x_wconf 80' lang='lat' dir='ltr'><strong>bellum,</strong></span> <span class='ocrx_word' id='word_1_121' title='bbox 529 2213 660 2261; x_wconf 87' lang='lat' dir='ltr'><strong>recens</strong></span> <span class='ocrx_word' id='word_1_122' title='bbox 687 2185 954 2284; x_wconf 78' lang='lat' dir='ltr'><strong>thenbergae</strong></span> <span class='ocrx_word' id='word_1_123' title='bbox 982 2181 1149 2272; x_wconf 79' lang='lat' dir='ltr'><strong>editum,</strong></span> <span class='ocrx_word' id='word_1_124' title='bbox 1182 2183 1371 2284; x_wconf 89' lang='lat' dir='ltr'><strong>relponlio</strong></span> <span class='ocrx_word' id='word_1_125' title='bbox 1396 2227 1447 2244; x_wconf 91' lang='lat'><em>-</em></span> <span class='ocrx_word' id='word_1_126' title='bbox 1467 2171 1629 2264; x_wconf 81' lang='lat' dir='ltr'><strong>Haecin</strong></span> <span class='ocrx_word' id='word_1_127' title='bbox 1651 2188 1844 2265; x_wconf 74' lang='lat' dir='ltr'><strong>fronte-</strong></span> <span class='ocrx_word' id='word_1_128' title='bbox 1863 2215 1952 2266; x_wconf 86' lang='lat' dir='ltr'><strong>curn</strong></span> 
     </span>
    </p>

    <p class='ocr_par' dir='ltr' id='par_1_7' title="bbox 345 2299 1952 2408">
     <span class='ocr_line' id='line_1_14' title="bbox 345 2299 1952 2408; baseline 0.001 -28"><span class='ocrx_word' id='word_1_129' title='bbox 345 2304 533 2380; x_wconf 80' lang='lat' dir='ltr'><strong>tetrastico</strong></span> <span class='ocrx_word' id='word_1_130' title='bbox 552 2346 602 2362; x_wconf 92' lang='lat'><em>-</em></span> <span class='ocrx_word' id='word_1_131' title='bbox 617 2304 681 2378; x_wconf 88' lang='lat' dir='ltr'><strong>lol.</strong></span> <span class='ocrx_word' id='word_1_132' title='bbox 701 2303 785 2377; x_wconf 86' lang='lat' dir='ltr'><strong>eod.</strong></span> <span class='ocrx_word' id='word_1_133' title='bbox 810 2303 846 2376; x_wconf 91' lang='lat' dir='ltr'><strong>b.</strong></span> <span class='ocrx_word' id='word_1_134' title='bbox 869 2299 1290 2403; x_wconf 76' lang='lat' dir='ltr'><strong>Hasenbergir&#39;Epillola</strong></span> <span class='ocrx_word' id='word_1_135' title='bbox 1307 2302 1354 2380; x_wconf 90' lang='lat' dir='ltr'><strong>ad</strong></span> <span class='ocrx_word' id='word_1_136' title='bbox 1375 2303 1509 2378; x_wconf 75' lang='lat' dir='ltr'><strong>Iouna.</strong></span> <span class='ocrx_word' id='word_1_137' title='bbox 1532 2303 1642 2378; x_wconf 81' lang='lat' dir='ltr'><strong>Zacl.</strong></span> <span class='ocrx_word' id='word_1_138' title='bbox 1663 2349 1710 2368; x_wconf 90' lang='lat'>-</span> <span class='ocrx_word' id='word_1_139' title='bbox 1733 2300 1952 2408; x_wconf 75' lang='lat' dir='ltr'><strong>subscripta</strong></span> 
     </span>
    </p>

    <p class='ocr_par' dir='ltr' id='par_1_8' title="bbox 345 2417 1948 2526">
     <span class='ocr_line' id='line_1_15' title="bbox 345 2417 1948 2526; baseline 0.002 -31"><span class='ocrx_word' id='word_1_140' title='bbox 345 2446 393 2496; x_wconf 87' lang='lat' dir='ltr'><strong>ex</strong></span> <span class='ocrx_word' id='word_1_141' title='bbox 410 2420 545 2522; x_wconf 59' lang='lat' dir='ltr'><strong>qusr‘a</strong></span> <span class='ocrx_word' id='word_1_142' title='bbox 566 2417 727 2494; x_wconf 85' lang='lat' dir='ltr'><strong>inferiis</strong></span> <span class='ocrx_word' id='word_1_143' title='bbox 746 2417 1027 2521; x_wconf 17' lang='lat' dir='ltr'><strong>8.lll1&#39;eronym1&#39;.</strong></span> <span class='ocrx_word' id='word_1_144' title='bbox 1047 2421 1131 2494; x_wconf 87' lang='lat' dir='ltr'><strong>finit</strong></span> <span class='ocrx_word' id='word_1_145' title='bbox 1151 2421 1220 2518; x_wconf 37' lang='lat' dir='ltr'><strong>sol..</strong></span> <span class='ocrx_word' id='word_1_146' title='bbox 1235 2421 1288 2496; x_wconf 83' lang='lat'><strong>16.</strong></span> <span class='ocrx_word' id='word_1_147' title='bbox 1305 2420 1368 2496; x_wconf 89' lang='lat' dir='ltr'><strong>lin</strong></span> <span class='ocrx_word' id='word_1_148' title='bbox 1391 2448 1420 2524; x_wconf 86' lang='lat'><strong>.¹·</strong></span> <span class='ocrx_word' id='word_1_149' title='bbox 1439 2447 1528 2526; x_wconf 86' lang='lat' dir='ltr'><strong>cum</strong></span> <span class='ocrx_word' id='word_1_150' title='bbox 1548 2421 1701 2496; x_wconf 79' lang='lat' dir='ltr'><strong>disticho</strong></span> <span class='ocrx_word' id='word_1_151' title='bbox 1728 2421 1768 2495; x_wconf 78' lang='lat' dir='ltr'><strong>iit</strong></span> <span class='ocrx_word' id='word_1_152' title='bbox 1787 2419 1948 2498; x_wconf 84' lang='lat' dir='ltr'><strong>famosos</strong></span> 
     </span>
    </p>

    <p class='ocr_par' dir='ltr' id='par_1_9' title="bbox 346 2523 1949 2764">
     <span class='ocr_line' id='line_1_16' title="bbox 346 2523 1949 2640; baseline 0.001 -28"><span class='ocrx_word' id='word_1_153' title='bbox 346 2535 533 2614; x_wconf 86' lang='lat' dir='ltr'><strong>homines.</strong></span> <span class='ocrx_word' id='word_1_154' title='bbox 551 2577 597 2624; x_wconf 57' lang='grc' dir='ltr'><strong>-ς</strong></span> <span class='ocrx_word' id='word_1_155' title='bbox 614 2535 726 2612; x_wconf 84' lang='lat' dir='ltr'><strong>Char.</strong></span> <span class='ocrx_word' id='word_1_156' title='bbox 744 2537 806 2612; x_wconf 90' lang='lat' dir='ltr'><strong>lat.</strong></span> <span class='ocrx_word' id='word_1_157' title='bbox 824 2562 914 2610; x_wconf 90' lang='lat' dir='ltr'><strong>cum</strong></span> <span class='ocrx_word' id='word_1_158' title='bbox 931 2536 1062 2636; x_wconf 88' lang='lat' dir='ltr'><strong>liguris</strong></span> <span class='ocrx_word' id='word_1_159' title='bbox 1082 2553 1120 2612; x_wconf 89' lang='lat' dir='ltr'><strong>et</strong></span> <span class='ocrx_word' id='word_1_160' title='bbox 1134 2535 1234 2638; x_wconf 84' lang='lat' dir='ltr'><strong>gloll.</strong></span> <span class='ocrx_word' id='word_1_161' title='bbox 1252 2561 1369 2638; x_wconf 79' lang='lat' dir='ltr'><strong>marg.</strong></span> <span class='ocrx_word' id='word_1_162' title='bbox 1390 2535 1467 2611; x_wconf 85' lang='lat' dir='ltr'><strong>loll.</strong></span> <span class='ocrx_word' id='word_1_163' title='bbox 1486 2539 1540 2612; x_wconf 81' lang='lat'><strong>16.</strong></span> <span class='ocrx_word' id='word_1_164' title='bbox 1561 2523 1739 2640; x_wconf 85' lang='lat' dir='ltr'><strong>nonllgn.</strong></span> <span class='ocrx_word' id='word_1_165' title='bbox 1756 2538 1821 2614; x_wconf 93' lang='lat' dir='ltr'><strong>lin.</strong></span> <span class='ocrx_word' id='word_1_166' title='bbox 1838 2546 1896 2629; x_wconf 80' lang='grc' dir='ltr'><strong>4ο.</strong></span> <span class='ocrx_word' id='word_1_167' title='bbox 1916 2545 1949 2628; x_wconf 78' lang='lat'><strong>4.</strong></span> 
     </span>
     <span class='ocr_line' id='line_1_17' title="bbox 541 2673 1188 2764; baseline -0.006 -30"><span class='ocrx_word' id='word_1_168' title='bbox 541 2673 659 2734; x_wconf 66' lang='lat' dir='ltr'><strong>contee</strong></span> <span class='ocrx_word' id='word_1_169' title='bbox 671 2675 788 2734; x_wconf 64' lang='lat' dir='ltr'><strong>sacten·</strong></span> <span class='ocrx_word' id='word_1_170' title='bbox 803 2674 876 2732; x_wconf 80' lang='lat' dir='ltr'><strong>Lex.</strong></span> <span class='ocrx_word' id='word_1_171' title='bbox 896 2674 953 2734; x_wconf 79' lang='lat' dir='ltr'><strong>liu.</strong></span> <span class='ocrx_word' id='word_1_172' title='bbox 972 2677 1008 2734; x_wconf 84' lang='lat' dir='ltr'><strong>T.</strong></span> <span class='ocrx_word' id='word_1_173' title='bbox 1016 2693 1045 2734; x_wconf 77' lang='lat' dir='ltr'><strong>a.</strong></span> <span class='ocrx_word' id='word_1_174' title='bbox 1061 2694 1090 2751; x_wconf 83' lang='lat' dir='ltr'><strong>p.</strong></span> <span class='ocrx_word' id='word_1_175' title='bbox 1103 2673 1188 2764; x_wconf 71' lang='lat'><strong>1³95.</strong></span> 
     </span>
    </p>
   </div>
   <div class='ocr_carea' id='block_1_5' title="bbox 444 2811 1955 2964">
    <p class='ocr_par' dir='ltr' id='par_1_10' title="bbox 444 2811 1955 2964">
     <span class='ocr_line' id='line_1_18' title="bbox 444 2811 1955 2964; baseline 0 -28"><span class='ocrx_word' id='word_1_176' title='bbox 444 2863 526 2960; x_wconf 85' lang='lat'><strong>572.</strong></span> <span class='ocrx_word' id='word_1_177' title='bbox 544 2903 588 2922; x_wconf 90' lang='lat'><em>-</em></span> <span class='ocrx_word' id='word_1_178' title='bbox 607 2860 772 2964; x_wconf 71' lang='lat' dir='ltr'><strong>Eprstolo</strong></span> <span class='ocrx_word' id='word_1_179' title='bbox 788 2863 915 2940; x_wconf 86' lang='lat' dir='ltr'><em>LIIII.</em></span> <span class='ocrx_word' id='word_1_180' title='bbox 925 2863 1125 2939; x_wconf 91' lang='lat' dir='ltr'><strong>Nobilium</strong></span> <span class='ocrx_word' id='word_1_181' title='bbox 1134 2864 1338 2950; x_wconf 70' lang='lat' dir='ltr'><strong>Metanira,</strong></span> <span class='ocrx_word' id='word_1_182' title='bbox 1356 2811 1432 2964; x_wconf 83' lang='lat' dir='ltr'><strong>pro</strong></span> <span class='ocrx_word' id='word_1_183' title='bbox 1451 2863 1664 2939; x_wconf 86' lang='lat' dir='ltr'><strong>delenllone</strong></span> <span class='ocrx_word' id='word_1_184' title='bbox 1678 2861 1955 2962; x_wconf 73' lang='lat' dir='ltr'><strong>Ioannierffi</strong></span> 
     </span>
    </p>
   </div>
   <div class='ocr_carea' id='block_1_6' title="bbox 345 2977 1954 3552">
    <p class='ocr_par' dir='ltr' id='par_1_11' title="bbox 345 2977 1954 3432">
     <span class='ocr_line' id='line_1_19' title="bbox 345 2977 1954 3070; baseline 0 -13"><span class='ocrx_word' id='word_1_185' title='bbox 345 2977 394 3066; x_wconf 88' lang='lat' dir='ltr'><strong>ad</strong></span> <span class='ocrx_word' id='word_1_186' title='bbox 419 2979 623 3055; x_wconf 88' lang='lat' dir='ltr'><strong>concillum</strong></span> <span class='ocrx_word' id='word_1_187' title='bbox 647 2979 936 3070; x_wconf 79' lang='lat' dir='ltr'><strong>constantiense,</strong></span> <span class='ocrx_word' id='word_1_188' title='bbox 967 2981 1233 3057; x_wconf 79' lang='lat' dir='ltr'><strong>commendata</strong></span> <span class='ocrx_word' id='word_1_189' title='bbox 1247 2979 1365 3056; x_wconf 87' lang='lat' dir='ltr'><strong>literis</strong></span> <span class='ocrx_word' id='word_1_190' title='bbox 1383 2979 1628 3056; x_wconf 80' lang='lat' dir='ltr'><strong>adulescentis</strong></span> <span class='ocrx_word' id='word_1_191' title='bbox 1647 2980 1863 3069; x_wconf 83' lang='lat' dir='ltr'><strong>cuiusdam,</strong></span> <span class='ocrx_word' id='word_1_192' title='bbox 1892 3009 1954 3057; x_wconf 88' lang='lat' dir='ltr'><strong>ar·</strong></span> 
     </span>
     <span class='ocr_line' id='line_1_20' title="bbox 347 3091 1941 3204; baseline 0.003 -34"><span class='ocrx_word' id='word_1_193' title='bbox 347 3095 518 3199; x_wconf 89' lang='lat' dir='ltr'><strong>gumenti</strong></span> <span class='ocrx_word' id='word_1_194' title='bbox 538 3095 620 3173; x_wconf 88' lang='lat' dir='ltr'><strong>vice</strong></span> <span class='ocrx_word' id='word_1_195' title='bbox 639 3097 817 3198; x_wconf 80' lang='lat' dir='ltr'><strong>appolitis</strong></span> <span class='ocrx_word' id='word_1_196' title='bbox 835 3131 882 3158; x_wconf 63' lang='grc' dir='ltr'><strong>-υ-</strong></span> <span class='ocrx_word' id='word_1_197' title='bbox 902 3095 1007 3175; x_wconf 84' lang='lat' dir='ltr'><strong>llaec</strong></span> <span class='ocrx_word' id='word_1_198' title='bbox 1030 3099 1071 3172; x_wconf 89' lang='lat' dir='ltr'><strong>in</strong></span> <span class='ocrx_word' id='word_1_199' title='bbox 1098 3099 1224 3173; x_wconf 85' lang='lat' dir='ltr'><strong>fronte</strong></span> <span class='ocrx_word' id='word_1_200' title='bbox 1248 3097 1367 3204; x_wconf 86' lang='lat' dir='ltr'><strong>limbo</strong></span> <span class='ocrx_word' id='word_1_201' title='bbox 1389 3093 1583 3198; x_wconf 82' lang='lat' dir='ltr'><strong>splendido</strong></span> <span class='ocrx_word' id='word_1_202' title='bbox 1602 3091 1789 3174; x_wconf 84' lang='lat' dir='ltr'><strong>decorata.</strong></span> <span class='ocrx_word' id='word_1_203' title='bbox 1804 3141 1855 3158; x_wconf 89' lang='lat'><em>-</em></span> <span class='ocrx_word' id='word_1_204' title='bbox 1875 3099 1941 3175; x_wconf 81' lang='lat' dir='ltr'><strong>fot.</strong></span> 
     </span>
     <span class='ocr_line' id='line_1_21' title="bbox 352 3213 1949 3317; baseline 0.003 -30"><span class='ocrx_word' id='word_1_205' title='bbox 352 3239 406 3289; x_wconf 84' lang='grc' dir='ltr'><strong>ιο,</strong></span> <span class='ocrx_word' id='word_1_206' title='bbox 433 3213 497 3288; x_wconf 93' lang='lat' dir='ltr'><strong>lin.</strong></span> <span class='ocrx_word' id='word_1_207' title='bbox 518 3241 551 3310; x_wconf 86' lang='lat'><strong>7,</strong></span> <span class='ocrx_word' id='word_1_208' title='bbox 578 3215 663 3289; x_wconf 85' lang='lat' dir='ltr'><strong>finis</strong></span> <span class='ocrx_word' id='word_1_209' title='bbox 685 3257 736 3274; x_wconf 94' lang='lat'><strong>-·</strong></span> <span class='ocrx_word' id='word_1_210' title='bbox 753 3215 922 3317; x_wconf 86' lang='lat' dir='ltr'><strong>sequitur</strong></span> <span class='ocrx_word' id='word_1_211' title='bbox 939 3231 1066 3291; x_wconf 82' lang='lat' dir='ltr'><strong>textus</strong></span> <span class='ocrx_word' id='word_1_212' title='bbox 1091 3239 1171 3290; x_wconf 90' lang='lat' dir='ltr'><strong>non</strong></span> <span class='ocrx_word' id='word_1_213' title='bbox 1191 3215 1286 3290; x_wconf 91' lang='lat' dir='ltr'><strong>nulli</strong></span> <span class='ocrx_word' id='word_1_214' title='bbox 1312 3214 1517 3316; x_wconf 82' lang='lat' dir='ltr'><strong>scripturae</strong></span> <span class='ocrx_word' id='word_1_215' title='bbox 1542 3233 1676 3292; x_wconf 84' lang='lat' dir='ltr'><strong>contra</strong></span> <span class='ocrx_word' id='word_1_216' title='bbox 1696 3214 1949 3292; x_wconf 88' lang='lat' dir='ltr'><strong>incendiarios</strong></span> 
     </span>
     <span class='ocr_line' id='line_1_22' title="bbox 347 3331 1414 3432; baseline 0 -28"><span class='ocrx_word' id='word_1_217' title='bbox 347 3331 567 3414; x_wconf 85' lang='lat' dir='ltr'><strong>homicidas.</strong></span> <span class='ocrx_word' id='word_1_218' title='bbox 587 3373 630 3389; x_wconf 88' lang='lat'>-</span> <span class='ocrx_word' id='word_1_219' title='bbox 649 3332 762 3406; x_wconf 87' lang='lat' dir='ltr'><strong>Char.</strong></span> <span class='ocrx_word' id='word_1_220' title='bbox 776 3335 837 3407; x_wconf 80' lang='lat' dir='ltr'><strong>lat.</strong></span> <span class='ocrx_word' id='word_1_221' title='bbox 857 3331 934 3409; x_wconf 89' lang='lat' dir='ltr'><strong>loll.</strong></span> <span class='ocrx_word' id='word_1_222' title='bbox 956 3357 1009 3407; x_wconf 80' lang='grc' dir='ltr'><strong>ιο.</strong></span> <span class='ocrx_word' id='word_1_223' title='bbox 1027 3353 1106 3408; x_wconf 87' lang='lat' dir='ltr'><strong>non</strong></span> <span class='ocrx_word' id='word_1_224' title='bbox 1130 3333 1215 3432; x_wconf 86' lang='lat' dir='ltr'><strong>llgn.</strong></span> <span class='ocrx_word' id='word_1_225' title='bbox 1232 3332 1296 3406; x_wconf 88' lang='lat' dir='ltr'><strong>lin.</strong></span> <span class='ocrx_word' id='word_1_226' title='bbox 1313 3339 1414 3428; x_wconf 76' lang='lat'><strong>²7·4·</strong></span> 
     </span>
    </p>

    <p class='ocr_par' dir='ltr' id='par_1_12' title="bbox 535 3467 1218 3552">
     <span class='ocr_line' id='line_1_23' title="bbox 535 3467 1218 3552; baseline 0.003 -28"><span class='ocrx_word' id='word_1_227' title='bbox 535 3472 571 3524; x_wconf 87' lang='lat' dir='ltr'><strong>ln</strong></span> <span class='ocrx_word' id='word_1_228' title='bbox 590 3469 800 3552; x_wconf 71' lang='lat' dir='ltr'><strong>recenlioribus</strong></span> <span class='ocrx_word' id='word_1_229' title='bbox 818 3470 982 3528; x_wconf 81' lang='lat' dir='ltr'><strong>bucurdum</strong></span> <span class='ocrx_word' id='word_1_230' title='bbox 998 3488 1059 3526; x_wconf 84' lang='lat' dir='ltr'><strong>nou</strong></span> <span class='ocrx_word' id='word_1_231' title='bbox 1077 3467 1218 3526; x_wconf 79' lang='lat' dir='ltr'><strong>exhibite.</strong></span> 
     </span>
    </p>
   </div>
   <div class='ocr_carea' id='block_1_7' title="bbox 237 3655 1953 4197">
    <p class='ocr_par' dir='ltr' id='par_1_13' title="bbox 346 3655 1953 4110">
     <span class='ocr_line' id='line_1_24' title="bbox 441 3655 1949 3756; baseline 0.002 -26"><span class='ocrx_word' id='word_1_232' title='bbox 441 3657 523 3754; x_wconf 80' lang='lat'><strong>573.</strong></span> <span class='ocrx_word' id='word_1_233' title='bbox 549 3693 597 3718; x_wconf 64' lang='grc' dir='ltr'><strong>ι·-</strong></span> <span class='ocrx_word' id='word_1_234' title='bbox 623 3657 795 3732; x_wconf 75' lang='lat' dir='ltr'><strong>Andreae</strong></span> <span class='ocrx_word' id='word_1_235' title='bbox 813 3655 1319 3756; x_wconf 78' lang='lat' dir='ltr'><strong>Serr&#39;caudr&#39;Erytropolitani</strong></span> <span class='ocrx_word' id='word_1_236' title='bbox 1339 3657 1480 3732; x_wconf 86' lang='lat' dir='ltr'><strong>chorea</strong></span> <span class='ocrx_word' id='word_1_237' title='bbox 1494 3657 1648 3745; x_wconf 82' lang='lat' dir='ltr'><strong>mortis,</strong></span> <span class='ocrx_word' id='word_1_238' title='bbox 1668 3656 1844 3756; x_wconf 81' lang='lat' dir='ltr'><strong>elegiacis</strong></span> <span class='ocrx_word' id='word_1_239' title='bbox 1864 3685 1949 3733; x_wconf 83' lang='lat' dir='ltr'><strong>ver-</strong></span> 
     </span>
     <span class='ocr_line' id='line_1_25' title="bbox 346 3770 1951 3877; baseline 0.002 -31"><span class='ocrx_word' id='word_1_240' title='bbox 346 3771 466 3847; x_wconf 86' lang='lat' dir='ltr'><strong>llculis</strong></span> <span class='ocrx_word' id='word_1_241' title='bbox 486 3790 673 3850; x_wconf 83' lang='lat' dir='ltr'><strong>contexta.</strong></span> <span class='ocrx_word' id='word_1_242' title='bbox 697 3773 899 3850; x_wconf 85' lang='lat' dir='ltr'><strong>Jullillimo</strong></span> <span class='ocrx_word' id='word_1_243' title='bbox 919 3771 1079 3877; x_wconf 86' lang='lat' dir='ltr'><strong>perinde</strong></span> <span class='ocrx_word' id='word_1_244' title='bbox 1095 3770 1238 3850; x_wconf 82' lang='lat' dir='ltr'><strong>senatui</strong></span> <span class='ocrx_word' id='word_1_245' title='bbox 1262 3771 1548 3874; x_wconf 86' lang='lat' dir='ltr'><strong>rotenburgenll</strong></span> <span class='ocrx_word' id='word_1_246' title='bbox 1574 3771 1755 3850; x_wconf 88' lang='lat' dir='ltr'><strong>dedicata.</strong></span> <span class='ocrx_word' id='word_1_247' title='bbox 1780 3817 1829 3834; x_wconf 90' lang='lat'>—</span> <span class='ocrx_word' id='word_1_248' title='bbox 1846 3775 1951 3851; x_wconf 84' lang='lat' dir='ltr'><strong>Haec</strong></span> 
     </span>
     <span class='ocr_line' id='line_1_26' title="bbox 348 3888 1953 3993; baseline 0.003 -33"><span class='ocrx_word' id='word_1_249' title='bbox 348 3888 388 3961; x_wconf 92' lang='lat' dir='ltr'><strong>in</strong></span> <span class='ocrx_word' id='word_1_250' title='bbox 410 3889 537 3964; x_wconf 86' lang='lat' dir='ltr'><strong>fronte</strong></span> <span class='ocrx_word' id='word_1_251' title='bbox 557 3914 646 3966; x_wconf 90' lang='lat' dir='ltr'><strong>cum</strong></span> <span class='ocrx_word' id='word_1_252' title='bbox 669 3891 779 3965; x_wconf 89' lang='lat' dir='ltr'><strong>icone</strong></span> <span class='ocrx_word' id='word_1_253' title='bbox 798 3907 837 3966; x_wconf 90' lang='lat' dir='ltr'><strong>et</strong></span> <span class='ocrx_word' id='word_1_254' title='bbox 855 3891 978 3966; x_wconf 87' lang='lat' dir='ltr'><strong>tribus</strong></span> <span class='ocrx_word' id='word_1_255' title='bbox 1001 3890 1182 3979; x_wconf 79' lang='lat' dir='ltr'><strong>distichis,</strong></span> <span class='ocrx_word' id='word_1_256' title='bbox 1209 3890 1347 3992; x_wconf 89' lang='lat' dir='ltr'><strong>quibus</strong></span> <span class='ocrx_word' id='word_1_257' title='bbox 1374 3913 1479 3968; x_wconf 89' lang='lat' dir='ltr'><strong>mors</strong></span> <span class='ocrx_word' id='word_1_258' title='bbox 1504 3893 1639 3968; x_wconf 81' lang='lat' dir='ltr'><strong>lectori</strong></span> <span class='ocrx_word' id='word_1_259' title='bbox 1665 3891 1846 3993; x_wconf 88' lang='lat' dir='ltr'><strong>loquitur.</strong></span> <span class='ocrx_word' id='word_1_260' title='bbox 1868 3893 1953 3966; x_wconf 85' lang='lat' dir='ltr'><strong>finit</strong></span> 
     </span>
     <span class='ocr_line' id='line_1_27' title="bbox 347 4001 1950 4110; baseline 0.004 -34"><span class='ocrx_word' id='word_1_261' title='bbox 347 4002 413 4078; x_wconf 84' lang='lat' dir='ltr'><strong>fol.</strong></span> <span class='ocrx_word' id='word_1_262' title='bbox 432 4005 467 4078; x_wconf 89' lang='lat'><strong>8.</strong></span> <span class='ocrx_word' id='word_1_263' title='bbox 483 4003 547 4080; x_wconf 90' lang='lat' dir='ltr'><strong>lin.</strong></span> <span class='ocrx_word' id='word_1_264' title='bbox 573 4007 627 4081; x_wconf 87' lang='lat'><strong>15.</strong></span> <span class='ocrx_word' id='word_1_265' title='bbox 648 4004 778 4082; x_wconf 77' lang='lat' dir='ltr'><strong>verbis</strong></span> <span class='ocrx_word' id='word_1_266' title='bbox 793 4005 941 4109; x_wconf 79' lang='lat' dir='ltr'><strong>semper</strong></span> <span class='ocrx_word' id='word_1_267' title='bbox 962 4008 1049 4084; x_wconf 84' lang='lat' dir='ltr'><strong>eris.</strong></span> <span class='ocrx_word' id='word_1_268' title='bbox 1068 4007 1167 4084; x_wconf 85' lang='lat' dir='ltr'><strong>infra</strong></span> <span class='ocrx_word' id='word_1_269' title='bbox 1183 4007 1254 4085; x_wconf 85' lang='lat' dir='ltr'><strong>alia</strong></span> <span class='ocrx_word' id='word_1_270' title='bbox 1272 4009 1370 4084; x_wconf 90' lang='lat' dir='ltr'><strong>icon.</strong></span> <span class='ocrx_word' id='word_1_271' title='bbox 1390 4007 1502 4086; x_wconf 86' lang='lat' dir='ltr'><strong>Char.</strong></span> <span class='ocrx_word' id='word_1_272' title='bbox 1520 4007 1649 4110; x_wconf 84' lang='lat' dir='ltr'><strong>grand.</strong></span> <span class='ocrx_word' id='word_1_273' title='bbox 1667 4009 1745 4084; x_wconf 86' lang='lat' dir='ltr'><strong>foll.</strong></span> <span class='ocrx_word' id='word_1_274' title='bbox 1767 4001 1846 4083; x_wconf 83' lang='lat' dir='ltr'><strong>non</strong></span> <span class='ocrx_word' id='word_1_275' title='bbox 1862 4009 1950 4108; x_wconf 85' lang='lat' dir='ltr'><strong>lign.</strong></span> 
     </span>
    </p>

    <p class='ocr_par' dir='ltr' id='par_1_14' title="bbox 237 4121 1765 4197">
     <span class='ocr_line' id='line_1_28' title="bbox 237 4121 1765 4197; baseline 0.004 -4"><span class='ocrx_word' id='word_1_276' title='bbox 237 4123 239 4129; x_wconf 82' lang='grc'><strong>’</strong></span> <span class='ocrx_word' id='word_1_277' title='bbox 304 4175 310 4186; x_wconf 86' lang='grc'><strong>.</strong></span> <span class='ocrx_word' id='word_1_278' title='bbox 350 4121 385 4194; x_wconf 89' lang='lat'><strong>8.</strong></span> <span class='ocrx_word' id='word_1_279' title='bbox 402 4121 466 4195; x_wconf 89' lang='lat' dir='ltr'><strong>lin.</strong></span> <span class='ocrx_word' id='word_1_280' title='bbox 486 4121 543 4195; x_wconf 84' lang='lat'><strong>30.</strong></span> <span class='ocrx_word' id='word_1_281' title='bbox 560 4123 595 4197; x_wconf 91' lang='lat'><strong>8.</strong></span> <span class='ocrx_word' id='word_1_282' title='bbox 643 4153 646 4158; x_wconf 53' lang='lat'><strong>⁴</strong></span> <span class='ocrx_word' id='word_1_283' title='bbox 928 4125 930 4130; x_wconf 84' lang='grc'><strong>’</strong></span> <span class='ocrx_word' id='word_1_284' title='bbox 1274 4139 1281 4154; x_wconf 93' lang='grc'><em>·</em></span> <span class='ocrx_word' id='word_1_285' title='bbox 1759 4151 1765 4160; x_wconf 87' lang='grc'><strong><em>·</em></strong></span> 
     </span>
    </p>
   </div>
   <div class='ocr_carea' id='block_1_8' title="bbox 542 4261 1167 4344">
    <p class='ocr_par' dir='ltr' id='par_1_15' title="bbox 542 4261 1167 4344">
     <span class='ocr_line' id='line_1_29' title="bbox 542 4261 1167 4344; baseline 0.013 -28"><span class='ocrx_word' id='word_1_286' title='bbox 542 4263 636 4316; x_wconf 78' lang='lat' dir='ltr'><strong>Autcr</strong></span> <span class='ocrx_word' id='word_1_287' title='bbox 654 4277 681 4318; x_wconf 82' lang='lat' dir='ltr'><strong>et</strong></span> <span class='ocrx_word' id='word_1_288' title='bbox 699 4261 868 4340; x_wconf 78' lang='lat' dir='ltr'><strong>opuseulum</strong></span> <span class='ocrx_word' id='word_1_289' title='bbox 885 4267 1001 4343; x_wconf 81' lang='lat' dir='ltr'><strong>penitus</strong></span> <span class='ocrx_word' id='word_1_290' title='bbox 1018 4267 1167 4344; x_wconf 80' lang='lat' dir='ltr'><strong>ignotum.</strong></span> 
     </span>
    </p>
   </div>
   <div class='ocr_carea' id='block_1_9' title="bbox 340 4427 2094 4886">
    <p class='ocr_par' dir='ltr' id='par_1_16' title="bbox 340 4427 2094 4886">
     <span class='ocr_line' id='line_1_30' title="bbox 379 4427 1954 4534; baseline 0.003 -33"><span class='ocrx_word' id='word_1_291' title='bbox 379 4437 381 4444; x_wconf 88' lang='lat'>&#39;</span> <span class='ocrx_word' id='word_1_292' title='bbox 446 4430 589 4526; x_wconf 64' lang='lat'><strong>574-</strong></span> <span class='ocrx_word' id='word_1_293' title='bbox 606 4427 714 4529; x_wconf 75' lang='lat' dir='ltr'><strong>Hff</strong></span> <span class='ocrx_word' id='word_1_294' title='bbox 735 4433 932 4530; x_wconf 64' lang='lat' dir='ltr'><strong>(senone)</strong></span> <span class='ocrx_word' id='word_1_295' title='bbox 959 4433 1236 4510; x_wconf 83' lang='lat' dir='ltr'><strong>demonllretlo.</strong></span> <span class='ocrx_word' id='word_1_296' title='bbox 1255 4435 1540 4534; x_wconf 71' lang='lat' dir='ltr'><strong>Argumentum</strong></span> <span class='ocrx_word' id='word_1_297' title='bbox 1561 4433 1709 4508; x_wconf 87' lang='lat' dir='ltr'><strong>Libelli.</strong></span> <span class='ocrx_word' id='word_1_298' title='bbox 1727 4431 1851 4508; x_wconf 76' lang='lat' dir='ltr'><strong>Se&#39;rnon</strong></span> <span class='ocrx_word' id='word_1_299' title='bbox 1862 4431 1954 4533; x_wconf 82' lang='lat' dir='ltr'><strong>Hes·</strong></span> 
     </span>
     <span class='ocr_line' id='line_1_31' title="bbox 340 4543 2094 4653; baseline 0.006 -36"><span class='ocrx_word' id='word_1_300' title='bbox 340 4544 410 4642; x_wconf 79' lang='lat' dir='ltr'><strong>sus</strong></span> <span class='ocrx_word' id='word_1_301' title='bbox 427 4543 585 4621; x_wconf 72' lang='lat' dir='ltr'><strong>bethem</strong></span> <span class='ocrx_word' id='word_1_302' title='bbox 601 4547 759 4624; x_wconf 83' lang='lat' dir='ltr'><strong>ostendit</strong></span> <span class='ocrx_word' id='word_1_303' title='bbox 773 4551 915 4639; x_wconf 78' lang='lat' dir='ltr'><strong>caulas,</strong></span> <span class='ocrx_word' id='word_1_304' title='bbox 940 4573 1060 4652; x_wconf 88' lang='lat' dir='ltr'><strong>quare</strong></span> <span class='ocrx_word' id='word_1_305' title='bbox 1081 4551 1254 4628; x_wconf 80' lang='lat' dir='ltr'><strong>luterum</strong></span> <span class='ocrx_word' id='word_1_306' title='bbox 1269 4553 1448 4653; x_wconf 85' lang='lat' dir='ltr'><strong>opuscula</strong></span> <span class='ocrx_word' id='word_1_307' title='bbox 1473 4579 1496 4626; x_wconf 92' lang='lat' dir='ltr'><strong>a</strong></span> <span class='ocrx_word' id='word_1_308' title='bbox 1515 4551 1800 4626; x_wconf 84' lang='lat' dir='ltr'><strong>Colonienllbus</strong></span> <span class='ocrx_word' id='word_1_309' title='bbox 1816 4567 1858 4626; x_wconf 84' lang='lat' dir='ltr'><strong>et</strong></span> <span class='ocrx_word' id='word_1_310' title='bbox 1877 4551 1953 4626; x_wconf 86' lang='lat' dir='ltr'><strong>Lo·</strong></span> <span class='ocrx_word' id='word_1_311' title='bbox 2090 4611 2094 4618; x_wconf 87' lang='lat'><strong>.</strong></span> 
     </span>
     <span class='ocr_line' id='line_1_32' title="bbox 354 4662 1951 4770; baseline 0.003 -34"><span class='ocrx_word' id='word_1_312' title='bbox 354 4662 554 4739; x_wconf 82' lang='lat' dir='ltr'><strong>vanienllb.</strong></span> <span class='ocrx_word' id='word_1_313' title='bbox 578 4665 648 4740; x_wconf 85' lang='lat' dir='ltr'><strong>fint</strong></span> <span class='ocrx_word' id='word_1_314' title='bbox 670 4667 857 4744; x_wconf 70' lang='lat' dir='ltr'><strong>conbulln</strong></span> <span class='ocrx_word' id='word_1_315' title='bbox 884 4669 922 4744; x_wconf 91' lang='lat' dir='ltr'><strong>id</strong></span> <span class='ocrx_word' id='word_1_316' title='bbox 947 4667 1069 4770; x_wconf 82' lang='lat' dir='ltr'><strong>ipsum</strong></span> <span class='ocrx_word' id='word_1_317' title='bbox 1096 4668 1200 4747; x_wconf 88' lang='lat' dir='ltr'><strong>enim</strong></span> <span class='ocrx_word' id='word_1_318' title='bbox 1221 4669 1318 4770; x_wconf 91' lang='lat' dir='ltr'><strong>petit</strong></span> <span class='ocrx_word' id='word_1_319' title='bbox 1340 4669 1522 4744; x_wconf 73' lang='lat' dir='ltr'><strong>Mentitus</strong></span> <span class='ocrx_word' id='word_1_320' title='bbox 1557 4670 1597 4746; x_wconf 90' lang='lat' dir='ltr'><strong>in</strong></span> <span class='ocrx_word' id='word_1_321' title='bbox 1617 4667 1744 4744; x_wconf 90' lang='lat' dir='ltr'><strong>libello</strong></span> <span class='ocrx_word' id='word_1_322' title='bbox 1765 4665 1951 4769; x_wconf 80' lang='lat' dir='ltr'><strong>quodam,</strong></span> 
     </span>
     <span class='ocr_line' id='line_1_33' title="bbox 352 4779 1951 4886; baseline 0.004 -34"><span class='ocrx_word' id='word_1_323' title='bbox 352 4779 419 4854; x_wconf 92' lang='lat' dir='ltr'><strong>ubi</strong></span> <span class='ocrx_word' id='word_1_324' title='bbox 437 4781 626 4860; x_wconf 88' lang='lat' dir='ltr'><strong>rationem</strong></span> <span class='ocrx_word' id='word_1_325' title='bbox 642 4783 768 4862; x_wconf 89' lang='lat' dir='ltr'><strong>reddit</strong></span> <span class='ocrx_word' id='word_1_326' title='bbox 782 4785 869 4864; x_wconf 82' lang='lat' dir='ltr'><strong>lacti</strong></span> <span class='ocrx_word' id='word_1_327' title='bbox 890 4785 955 4862; x_wconf 88' lang='lat' dir='ltr'><strong>lui.</strong></span> <span class='ocrx_word' id='word_1_328' title='bbox 974 4811 1064 4862; x_wconf 80' lang='lat' dir='ltr'><strong>nam</strong></span> <span class='ocrx_word' id='word_1_329' title='bbox 1080 4786 1142 4864; x_wconf 89' lang='lat' dir='ltr'><strong>ob.</strong></span> <span class='ocrx_word' id='word_1_330' title='bbox 1159 4785 1289 4862; x_wconf 81' lang='lat' dir='ltr'><strong>XXX.</strong></span> <span class='ocrx_word' id='word_1_331' title='bbox 1308 4787 1488 4864; x_wconf 75' lang='lat' dir='ltr'><strong>urtioilos</strong></span> <span class='ocrx_word' id='word_1_332' title='bbox 1504 4805 1686 4864; x_wconf 86' lang='lat' dir='ltr'><strong>erroneos</strong></span> <span class='ocrx_word' id='word_1_333' title='bbox 1701 4787 1741 4860; x_wconf 90' lang='lat' dir='ltr'><strong>in</strong></span> <span class='ocrx_word' id='word_1_334' title='bbox 1754 4785 1951 4886; x_wconf 76' lang='lat' dir='ltr'><strong>papalibus</strong></span> 
     </span>
    </p>
   </div>
   <div class='ocr_carea' id='block_1_10' title="bbox 0 0 2374 5876">
    <p class='ocr_par' dir='ltr' id='par_1_17' title="bbox 0 0 2374 5876">
     <span class='ocr_line' id='line_1_34' title="bbox 0 0 2374 5876; baseline 0 0"><span class='ocrx_word' id='word_1_335' title='bbox 0 0 2374 5876; x_wconf 95' lang='lat' dir='ltr'><strong> </strong></span> 
     </span>
    </p>
   </div>
  </div>
 </body>
</html>
