4694 5878
756 594 995 656 cananaeus
1021 593 1395 654 mnmoemnmeus
1422 555 1606 654 irnxxxr.
1915 553 1989 676 149¹

386 771 449 846 sol.
471 771 551 870 298.
575 771 660 871 fign.
678 773 897 846 orationum
913 774 962 847 M.
986 773 1021 848 T.
1055 774 1235 848 Ciceronis
1262 771 1345 846 finis
1372 768 1518 845 summa
1543 771 1710 845 adhibita
1741 769 1980 844 accuratione

385 889 551 962 Lutetiae
570 885 788 984 Parisiorum
805 888 906 988 apud
924 890 1088 964 sodocom
1107 891 1263 963 Bodriem
1278 885 1483 984 Ascensriem
1503 887 1550 962 ad
1568 888 1650 960 idus
1668 886 1846 960 Octobris
1869 888 1983 960 Anno

383 1006 435 1079 M.
445 1005 491 1079 D.
504 1005 652 1081 XXXl.
670 1004 811 1079 volum.
832 1008 895 1080 lll.
906 1031 1024 1105 opera
1047 1009 1227 1079 Ciceronis
1237 1004 1424 1105 epistolica
1440 1030 1528 1078 cum
1544 1003 1730 1076 indicibus
1743 1018 1810 1078 etc.
1821 1043 1866 1062 -
1878 1005 1982 1078 Haec

387 1121 427 1194 in
446 1121 571 1196 fronte
595 1122 658 1194 sol.
678 1123 761 1196 eod.
779 1122 814 1195 b.
836 1123 910 1195 lod.
939 1124 1056 1196 Bodii
1074 1122 1242 1222 Ascensii
1256 1122 1418 1221 Epistola
1442 1121 1488 1195 ad
1510 1121 1740 1193 Gurtnlmum
1756 1121 1982 1194 Moenum.-

384 1238 448 1312 sol.
473 1265 556 1335 ²07·
574 1238 661 1338 figo.
678 1240 717 1312 in
734 1238 889 1314 aedibus
907 1238 1136 1337 Ascensronr's
1156 1265 1243 1312 cum
1261 1237 1418 1338 reliquis
1438 1237 1687 1337 Epistularum
1705 1235 1810 1309 libris
1830 1237 1877 1310 ad
1899 1239 1980 1312 Kal.

256 1335 263 1343 .
386 1355 594 1431 Novembr.
612 1356 663 1430 M.
674 1355 937 1429 D.XXXl.-
949 1358 1102 1431 Volum.
1120 1359 1176 1430 IV.
1197 1355 1327 1454 Opera
1346 1357 1527 1428 Ciceronis
1541 1351 1985 1453 Philosophiae—Haec

387 1471 427 1544 in
451 1471 706 1547 fronte-iol.
729 1473 812 1548 eod.
838 1473 872 1546 b.
901 1476 1027 1548 lodoci
1045 1474 1162 1550 Bodr'i
1180 1469 1346 1568 Ascensii
1365 1470 1526 1571 Epistola
1552 1468 1597 1544 ad
1625 1470 1672 1542 D.
1698 1471 1790 1543 soon
1815 1470 1985 1545 Betthol-

382 1587 713 1680 ἄκη-101202.
738 1590 801 1664 1122.
827 1593 887 1682 34.
908 1595 1030 1667 Marci
1057 1591 1173 1663 Tullii
1196 1592 1377 1662 Ciceronis
1398 1588 1437 1661 in
1464 1585 1575 1660 Arati
1591 1587 1862 1664 Phoenomena
1890 1588 1984 1688 frag-

387 1705 506 1779 menti
523 1706 619 1780 finis.
638 1706 750 1782 Char.
771 1707 831 1783 lat.
851 1707 1071 1809 splendidils.
1086 1707 1205 1806 grand
1224 1732 1312 1779 cum
1331 1704 1460 1804 figuris
1480 1704 1592 1778 litter.
1609 1704 1738 1779 initial.
1753 1730 1839 1780 aere
1862 1704 1983 1779 incisis

387 1820 523 1920 glossae
540 1849 657 1924 marg.
681 1824 758 1899 soll.
776 1827 918 1926 partim
934 1826 1018 1926 sign.
1035 1825 1175 1925 partim
1199 1849 1277 1895 non
1294 1822 1379 1921 fign.
1398 1819 1561 1920 893.1in.
1581 1820 1637 1894 53.
1658 1820 1682 1894 s.

580 1963 628 2020 De
645 1961 701 2018 hae
715 1963 948 2038 praestantissima
967 1963 1095 2020 editione
1108 1959 1270 2016 hucusdum
1286 1959 1368 2016 nulla
1382 1958 1469 2014 exstat
1491 1959 1624 2014 recensio.
1647 1959 1770 2014 Clemens
1787 1957 1859 2014 dans
1876 1957 1905 2015 la
1928 1959 1982 2014 Bi-

669 2052 838 2129 bliotheque
854 2056 982 2110 curiense
1000 2057 1035 2109 T.
1054 2053 1081 2110 6.
1101 2075 1130 2128 p.
1148 2055 1210 2125 145.
1236 2067 1306 2106 nota
1322 2045 1368 2124 84.
1388 2049 1476 2104 huius
1491 2052 1586 2124 operis
1612 2070 1645 2105 ea
1670 2049 1878 2126 propemodum
1904 2049 1982 2108 diri-

668 2145 765 2212 fione‚
780 2165 838 2218 qua
854 2147 930 2202 illud
948 2144 1080 2211 exhibeo,
1099 2145 1274 2198 mentionem
1299 2139 1387 2203 iecit:
1407 2141 1504 2196 differt
1528 2141 1620 2197 solum
1636 2159 1713 2196 anno
1731 2141 1867 2198 editionis
1884 2157 1912 2196 et
1925 2143 1983 2217 epi·

667 2234 739 2292 stola
759 2235 946 2294 dedicatoria,
973 2235 1172 2316 verisimiliter
1188 2235 1223 2290 de
1237 2233 1294 2289 boc
1311 2250 1397 2308 opere
1420 2232 1636 2310 periodorum
1652 2233 1784 2289 Badium
1810 2235 1982 2290 Assensium

669 2326 766 2401 plures
782 2328 928 2385 institutae
944 2327 1060 2384 suerum
1069 2327 1218 2382 editiones.

476 2495 559 2582 486.
571 2519 606 2580 a,
621 2535 662 2550 -
682 2494 740 2566 De
761 2494 896 2592 insulis
912 2522 1037 2596 nuper
1065 2492 1230 2570 inventis
1253 2493 1478 2566 serenandi
1502 2489 1652 2588 Cortefi‘i
1672 2492 1718 2566 ad
1748 2485 1916 2565 Cerolum
1931 2491 1980 2567 V.

322 2605 326 2611 ’
383 2609 494 2682 Rom.
517 2613 794 2708 Imperatorem
809 2612 1065 2698 narrationes,
1084 2610 1261 2686 eumalio
1280 2611 1448 2710 quodam
1462 2610 1565 2683 Petri
1575 2610 1748 2710 Martyris
1760 2607 1807 2682 ad
1820 2605 1986 2682 Clemen·'

381 2741 450 2797 tem
475 2725 552 2799 VII.
571 2725 796 2800 Pontificem
819 2727 1033 2816 Maximum
1051 2727 1256 2802 'consimilis
1277 2728 1489 2826 argumenti
1519 2727 1717 2801 11122110.-
1733 2726 1803 2800 His
1826 2724 1979 2801 accesse-

288 2853 292 2860 '
381 2855 471 2913 runt
489 2841 673 2940 Epistolae
693 2843 871 2938 duae.yde
889 2843 1096 2918 felicissimo
1122 2845 1221 2943 apud
1246 2844 1358 2919 Indos
1384 2843 1576 2941 Evangelii
1598 2844 1855 2929 incremento,
1884 2870 1978 2943 quas

381 2957 637 3055 superioribus
655 2959 758 3034 hisce
777 2959 909 3040 diebus
926 2962 1081 3061 quidam
1097 2961 1232 3034 fratres
1246 2962 1359 3035 Mr'no.
1378 2962 1424 3034 ab
1444 2961 1551 3032 Indio
1568 2959 1607 3032 in
1622 2959 1837 3058 Hispaniam
1855 2977 1977 3033 trans-

381 3073 573 3148 miserunt.
585 3117 631 3133 -·
651 3079 748 3150 ltem
763 3078 941 3180 Epitome
965 3079 1010 3153 de
1027 3077 1191 3152 inventis
1207 3104 1331 3178 nuper
1355 3078 1485 3150 indice
1502 3075 1656 3176 populis
1681 3075 1849 3151 idolatris
1868 3077 1914 3151 ad
1935 3079 1976 3149 fi-

381 3189 469 3264 dem
500 3188 649 3287 Chresti,
672 3209 784 3294 atque
812 3195 905 3269 adeo
932 3194 978 3268 ad
1001 3195 1200 3269 Eccleslam
1231 3194 1465 3269 Catholicam
1491 3189 1776 3280 convertendisq
1805 3194 1976 3268 Auctore
2071 3237 2075 3244 ·

380 3305 424 3380 R.
444 3307 483 3381 P.
501 3309 541 3383 F.
558 3309 714 3384 Nicoloo
729 3311 910 3398 Herbom,
927 3312 1110 3410 regularis
1128 3311 1403 3398 observantiae,
1429 3310 1572 3388 ordinis
1595 3309 1792 3383 Minorum
1808 3311 1975 3408 generali

381 3423 643 3520 Commissario
662 3427 1212 3503 Cismontano.-Venduntur
1230 3428 1269 3500 in
1280 3428 1412 3528 pingui
1423 3426 1559 3528 gallina
1575 3409 1971 3500 AnnoM.D.XXXll.

376 3581 425 3600 -
445 3542 605 3616 Haecin
630 3541 766 3617 fronte.
789 3569 878 3616 cum
898 3544 1023 3642 effigie
1050 3543 1292 3644 imperatoris
1317 3544 1511 3644 limboque
1536 3543 1736 3641 insignium
1759 3543 1974 3644 provincia·

382 3681 486 3741 rum,
503 3657 734 3759 urbiumque
749 3659 1120 3758 repraesentante-
1140 3661 1201 3734 sol.
1223 3687 1255 3732 2.
1279 3686 1357 3732 non
1375 3660 1460 3758 slgn.
1479 3661 1641 3761 Epistola
1660 3659 1776 3734 dedic
1802 3658 1848 3733 D.
1870 3660 1973 3735 loon.

382 3771 429 3882 de
448 3773 601 3846 Ruellns
619 3773 663 3846 ad
688 3777 901 3848 Clementem
926 3778 1060 3851 Vtt-
1079 3777 1142 3851 sol.
1155 3779 1187 3850 5.
1201 3776 1333 3876 incipit
1348 3777 1514 3852 narratio
1526 3776 1974 3878 PetriMortyris-Huic

381 3885 584 3960 succedunt
600 3889 661 3962 sol.
686 3893 736 3964 13.
754 3893 942 3965 Praefatio
962 3909 1000 3967 et
1017 3895 1252 3968 narrationes
1281 3892 1376 3969 duae
1400 3896 1625 3968 Ferdinondi
1643 3891 1793 3990 Cortsfi'i
1811 3895 1857 3968 de
1873 3921 1974 3968 nova

383 4002 497 4074 maris
514 4005 645 4077 oceani
667 4006 908 4104 Hisponio—
929 4010 1020 4082 finit
1041 4009 1103 4084 sol.
1123 4011 1179 4098 82.
1197 4011 1258 4084 lin.
1275 4019 1332 4110 49.
1363 4014 1536 4085 Colonrire
1553 4038 1600 4086 ex
1625 4011 1780 4084 officina
1798 4013 1973 4086 Melchio-
2016 4063 2018 4070 ι

381 4119 433 4188 ris
451 4118 662 4213 Novaesium,
688 4122 801 4196 Anno
822 4125 873 4199 M.
886 4126 933 4197 D.
946 4127 1113 4201 XXXII.
1124 4107 1278 4203 decimo
1296 4127 1483 4203 Kalendas
1502 4127 1635 4202 mensis
1649 4129 1895 4227 Septembris.
1908 4130 1971 4205 fol.
2105 4123 2108 4129 ’

382 4233 546 4333 sequent.
566 4235 600 4309 b.
630 4236 767 4338 insigne
790 4245 1110 4343 typographicum
1131 4271 1218 4318 cum
1243 4245 1501 4345 inscriptione:
1531 4245 1570 4318 in
1595 4245 1727 4344 pingui
1750 4247 1915 4334 Gallina,
1935 4235 2001 4322 etx

381 4349 480 4424 infra
511 4353 703 4442 Coloniae,
729 4357 904 4456 impensis
935 4351 1077 4435 honesti
1108 4361 1390 4454 civieArnoldi
1422 4361 1635 4438 Br'rlrmann.
1671 4363 1786 4438 Anno
1812 4365 1971 4438 Domini

381 4468 665 4545 lls.D.XXXll.
687 4474 814 4548 Mense
834 4475 1061 4576 Septembri.
1088 4478 1199 4552 Char.
1211 4479 1272 4553 lat.
1291 4480 1437 4580 elegans
1448 4479 1524 4554 soll.
1540 4480 1781 4582 81.nonllgn.
1794 4481 1855 4554 lin.
1876 4485 1933 4556 52.
1947 4483 1969 4555 f.

572 4607 728 4684 Splendida
745 4609 815 4666 baec
829 4611 918 4670 editio
938 4617 1070 4672 Ponzero
1097 4615 1218 4690 aliisquo
1239 4617 1325 4692 plane
1341 4619 1491 4692 incognita
1513 4615 1593 4674 suilla
1615 4619 1738 4675 videtur.
1757 4620 1865 4676 Differt
1883 4621 1968 4692 otiam
2005 4635 2009 4644 ’

668 4700 704 4756 ab
722 4701 788 4757 aliis
804 4705 836 4760 in
854 4704 910 4761 hoo
927 4707 1068 4784 Catalogo
1087 4709 1124 4763 N.
1142 4703 1187 4782 48.
1205 4703 1268 4764 383.
1286 4725 1313 4766 et
1328 4705 1391 4783 487.
1410 4711 1569 4777 recensitis,
1585 4730 1657 4785 quae
1672 4711 1764 4766 solum
1774 4713 1897 4786 primam
1906 4731 1970 4768 nar-

656 4793 799 4851 rationem
816 4797 893 4854 Petri
908 4800 1048 4870 Martyris
1065 4819 1124 4857 non
1140 4819 1210 4857 vero
1228 4801 1294 4858 illas
1312 4801 1494 4859 ferdinandi·
1515 4803 1635 4878 Cortesr'i
1651 4805 1807 4861 continent.
