4706 5868
1055 397 1072 440 Ι

405 633 451 702 82
810 645 1050 704 oxrsnosus
1076 641 1452 703 rrsxroonsrrucus
1478 645 1614 706 nnxr.

402 819 539 894 additis
559 807 674 895 etiam
690 821 903 907 nonnullis,
921 821 1070 918 Erasmi
1082 823 1319 894 Boterodami
1333 849 1442 910 cura,
1461 823 1485 896 li
1502 849 1582 898 non
1602 825 1650 900 ab
1677 826 1873 915 omnibus,
1904 849 2007 906 certe

404 937 450 1012 ab
469 937 679 1012 innumeris
696 937 843 1010 mendis
858 955 1094 1040 repurgatae.
1121 943 1164 1011 ln
1184 938 1243 1010 his
1269 939 1489 1014 evolvendis
1510 941 1535 1014 fi
1561 941 1761 1040 diligenter
1779 945 2008 1036 versaberis.

404 1069 444 1128 et
457 1053 625 1152 linguam
644 1069 751 1127 tuam
768 1054 929 1129 reddent
946 1054 1235 1154 expolitiorem.
1256 1071 1294 1131 et
1311 1057 1429 1133 vitam
1446 1058 1756 1135 emendatiorem.
1782 1063 1887 1138 Bene
1905 1067 2008 1154 vale,

404 1188 442 1245 et
455 1173 619 1244 nollram
641 1169 877 1245 industriam.
894 1187 962 1245 tuo
980 1171 1111 1246 favore
1128 1171 1285 1245 vicillim
1303 1172 1447 1270 adjura.
1466 1178 1508 1247 ln
1525 1163 1666 1274 incly't'a
1678 1180 1915 1255 Germaniae.
1936 1185 2013 1256 Be·

392 1289 505 1385 silea.
534 1286 609 1361 An·
628 1288 737 1360 MD.
750 1289 831 1362 XV.
850 1287 978 1363 Mense
996 1287 1112 1362 Julio.
1129 1288 1270 1388 infigne
1288 1289 1460 1388 Typogr.
1482 1329 1528 1345 -·
1547 1291 1652 1366 Haec
1680 1294 1720 1368 in
1739 1296 1865 1373 fronte
1893 1299 2011 1374 limbo

327 1494 334 1507 .
405 1403 627 1505 splendidill.
646 1420 789 1478 ornata.
805 1431 888 1503 pag.
909 1432 943 1477 2.
959 1421 1147 1478 contentu
1169 1448 1219 1461 -
1236 1433 1272 1504 p.
1286 1406 1367 1494 643.
1387 1406 1450 1480 lin.
1471 1407 1530 1480 32.
1547 1409 1849 1487 Proverbiorum
1858 1416 2015 1490 Senecae

404 1521 500 1596 finis.
521 1564 571 1580 —
590 1521 774 1620 Sequitur
792 1520 905 1595 index
922 1519 999 1594 foll.
1016 1547 1094 1594 non
1113 1521 1198 1618 fign.
1224 1549 1278 1595 11.
1297 1523 1336 1595 in
1353 1523 1428 1597 fine
1448 1523 1567 1598 eiusd.
1583 1525 1659 1616 ¹iol.
1681 1528 1716 1600 b.
1741 1529 1903 1628 Epistola
1930 1501 2014 1606 Tro-

406 1639 510 1712 berrii
522 1665 569 1714 ex
588 1639 739 1735 Basilea
759 1639 873 1710 Anno
897 1639 999 1711 1515.
1017 1637 1145 1712 Mense
1166 1639 1344 1738 Augullo.
1374 1639 1413 1712 in
1438 1641 1513 1714 fine
1538 1641 1677 1741 insigne
1704 1645 1876 1747 Typogr.
1901 1649 2012 1724 Char.

407 1757 469 1832 lat.
485 1755 613 1856 grand.
633 1753 766 1853 glollae
783 1755 903 1852 Marg.
921 1780 957 1855 p.
973 1753 1056 1843 643.
1077 1754 1162 1853 sign.
1177 1797 1227 1851 .··
1241 1755 1318 1829 foll.
1343 1783 1395 1828 11.
1416 1756 1490 1832 fine
1507 1759 1621 1833 Num.
1640 1760 1701 1834 lin.
1721 1763 1777 1836 53.
1797 1771 1830 1852 4.

597 1895 728 1950 Ponzeri
740 1893 846 1948 Annei.
865 1893 997 1968 Typogr.
1015 1894 1049 1949 T.
1059 1891 1085 1949 6.
1103 1914 1132 1969 p.
1145 1895 1206 1969 ¹93·
1222 1895 1260 1948 N.
1272 1903 1332 1968 ²4⁰·
1350 1895 1452 1951 Matre.
1474 1895 1509 1952 T.
1518 1911 1543 1952 2.
1561 1917 1592 1972 p.
1604 1897 1666 1954 265.
1691 1963 1696 1972 Ι

504 2083 587 2160 238.
602 2125 653 2141 -
676 2083 845 2186 Quartum
858 2083 1032 2182 scriptum
1053 2082 1255 2179 onnrense
1275 2083 1459 2160 Doctoris
1476 2084 1619 2160 subtilis
1641 2088 1794 2161 Ioannis
1813 2089 1919 2161 Duris
1932 2091 2013 2163 Sco-

408 2205 443 2274 ti
454 2200 599 2275 ordinis
616 2201 812 2274 Minorum
832 2200 943 2299 super
966 2216 1103 2300 quarto
1126 2200 1397 2276 sententiarum
1411 2202 1634 2302 nuperrime
1660 2204 1706 2276 ab
1725 2205 1935 2280 innumeris
1959 2233 2015 2280 er-

408 2319 562 2394 roribus
577 2316 791 2393 absolutum
810 2317 855 2392 ab
879 2317 1031 2390 Eximio
1052 2317 1223 2391 Doctore
1251 2318 1412 2392 Antonio
1436 2318 1494 2406 de
1509 2321 1636 2391 Fontis
1661 2321 1856 2396 Tarvillno
1884 2327 1911 2420 †
1939 2323 2018 2394 Au-

409 2437 518 2511 dreee
531 2437 712 2512 Morenici
728 2434 822 2508 olim
842 2435 1032 2507 Leonardi
1047 2433 1115 2507 filii
1140 2434 1353 2510 liberalium
1375 2435 1655 2536 disciplinarum
1681 2435 1836 2511 cultoris
1862 2440 2021 2539 Epigra-

408 2579 482 2629 ma.
504 2595 554 2612 -
571 2551 732 2629 Haecin
750 2551 943 2626 fronte-
961 2549 1024 2624 lol.
1048 2552 1125 2640 164.
1146 2578 1226 2626 non
1246 2552 1340 2652 fign.
1356 2553 1419 2627 lin.
1438 2555 1496 2627 52.
1523 2554 1740 2654 imprellum
1772 2556 1929 2629 Venetiis
1949 2583 2019 2656 per

409 2674 619 2771 Gregerrom
643 2669 690 2744 de
716 2670 909 2767 Gregorzis.
938 2669 1164 2768 sumptibus
1184 2671 1296 2769 probi
1313 2671 1386 2744 viri
1413 2672 1552 2745 Ioanni
1574 2671 1859 2747 Bartholomeeo
1886 2674 1931 2748 de
1953 2677 2020 2748 Su·

407 2791 530 2864 ὗίαηο.
548 2789 663 2862 Anno
679 2786 838 2859 Domini
858 2785 1095 2861 MJCCCCC.
1108 2786 1196 2860 XV.
1216 2786 1276 2861 die
1291 2789 1422 2862 XXX.
1443 2789 1576 2863 menfis
1596 2789 2017 2890 Martii÷llegillrum

414 2905 526 2980 Char.
543 2903 646 3004 goth.
665 2901 796 2976 minul.
813 2902 912 3000 gloll.
932 2929 1048 3002 marg.
1075 2903 1152 2977 loll.
1181 2907 1258 2979 162.
1277 2905 1361 3004 fign.
1382 2905 1421 2979 in
1437 2920 1521 2980 toto
1543 2907 1620 2995 164.
1640 2907 1702 2980 lin.
1722 2908 1779 2982 66.
1800 2907 1824 2981 f.

602 3060 706 3118 Editio
727 3059 798 3116 haec
813 3061 954 3116 serillima
971 3083 988 3117 o
1006 3062 1088 3118 nullo
1103 3062 1306 3133 Anal'yl'tarum
1324 3063 1472 3136 hucusque
1494 3064 1629 3120 recensita
1653 3064 1718 3119 luit.
1739 3065 1771 3119 in
1794 3067 1912 3122 secheri
1930 3067 2020 3124 Lexi-

695 3169 735 3207 oo
754 3151 850 3207 erudit
868 3153 903 3208 Τ.
914 3169 940 3208 2.
961 3173 989 3227 p.
1000 3155 1063 3228 514.
1083 3154 1199 3228 quidem
1216 3155 1386 3229 scriptorum
1399 3157 1525 3212 Joannis
1544 3153 1579 3209 de
1595 3129 1897 3222 Fontisihuiusvero
1914 3157 2018 3214 editio·

703 3245 748 3300 nis
765 3244 846 3300 nulla
859 3243 891 3304 fit
906 3241 1025 3303 me'ntio.
1045 3247 1151 3302 couler.
1171 3245 1231 3302 vol.
1243 3267 1268 3300 1.
1289 3247 1327 3300 N.
1339 3267 1365 3319 7.

408 3481 415 3488 ·
511 3439 593 3538 239.
611 3477 660 3494 -
680 3437 861 3510 Comutus.
880 3433 1034 3534 Persius.
1065 3437 1118 3510 Io.
1141 3436 1219 3508 Bri.
1237 3435 1324 3506 Bar.
1342 3434 1434 3507 Fon.
1452 3433 1491 3507 in
1513 3431 1622 3508 icone
1639 3432 1740 3533 ligno
1768 3432 1865 3508 ineis.
1891 3458 2021 3532 repre-

413 3555 556 3632 sentati.
576 3553 682 3628 infra.
704 3549 847 3649 Persius
874 3580 961 3627 cum
987 3551 1109 3626 tribus
1138 3554 1412 3640 commentariis.
1441 3591 1487 3606 -
1518 3553 1666 3624 Cornuti
1685 3541 1913 3651 phylosophi
1940 3549 2021 3623 eius
2127 3567 2134 3575 “

415 3672 655 3774 preceptoris
678 3670 1012 3746 commentarii.—
1029 3671 1182 3743 Ioannis
1205 3669 1416 3741 Britannici
1427 3669 1610 3741 Brixiam‘
1623 3667 2021 3742 ementerii-Bar-

415 3790 621 3870 tholomaei·
639 3789 768 3862 Foncii
789 3789 1027 3862 comentarii.
1044 3833 1089 3848 -
1106 3786 1265 3860 Haecin
1286 3786 1422 3860 lronte.
1443 3829 1490 3842 -
1510 3785 1573 3858 fol.
1593 3786 1677 3860 eod.
1703 3785 1738 3859 b.
1768 3785 1921 3858 Ioannis
1950 3783 2022 3854 Te·

417 3911 521 3985 eurici
533 3905 763 3982 Tridinenfis
780 3904 826 3978 ad
842 3905 1026 3979 Marrirum
1038 3907 1237 3978 Sannutum
1253 3903 1352 4003 epist.
1372 3946 1421 3961 —
1433 3903 1495 3976 lol.
1511 3902 1568 3976 63.
1587 3902 1623 3977 b.
1643 3901 1707 3976 lin.
1731 3917 1783 3977 12.
1803 3900 2022 4001 imprellum

418 4026 627 4101 llledr'olani
632 4049 703 4124 per
716 4020 795 4096 Ioh.
811 4021 994 4120 Angelum
1004 4020 1380 4096 SzirrzenzelerAnno
1396 4020 1540 4095 domini
1558 4020 1744 4094 M.D.XV.
1767 4018 1932 4093 dieVlll.
1945 4020 2021 4091 No-

418 4140 598 4216 vembris.
614 4141 835 4240 Regillrum.
856 4139 967 4213 Char.
981 4140 1041 4212 lat.
1062 4138 1190 4236 grand.
1211 4137 1250 4210 in
1265 4152 1382 4211 textu.
1396 4137 1547 4210 minulc.
1561 4137 1599 4210 iu
1613 4163 1750 4216 comm.
1761 4135 1895 4235 glollae
1906 4159 2035 4232 marg,

426 4257 497 4346 sol.
513 4257 598 4356 sign.
618 4256 676 4330 63.
696 4257 759 4330 lin.
778 4271 868 4331 text.
889 4255 965 4328 foll.
982 4254 1124 4356 penult.
1143 4256 1175 4327 5.
1192 4270 1393 4328 comment.
1414 4255 1471 4352 59.
1486 4253 1510 4327 f.
1748 4233 1752 4244 ¹

613 4393 716 4450 Editio
733 4393 840 4468 splend.
859 4393 894 4448 ab
908 4391 1053 4464 Analyllis
1069 4355 1212 4466 Ilibliogr.
1229 4362 1387 4448 hucutduni
1407 4411 1466 4448 nou
1483 4389 1621 4448 exhibita.

518 4569 600 4650 240.
619 4603 670 4624 «-
695 4563 848 4659 Vergilii
863 4562 1069 4637 Poetarum
1086 4561 1259 4634 omnium
1283 4555 1395 4658 longe'
1416 4559 1599 4660 principis
1627 4585 1745 4660 opero
1770 4583 2020 4660 quaecunque

424 4695 574 4758 extant:
595 4697 633 4753 et
659 4677 698 4750 in
717 4679 810 4752 haec
830 4681 1117 4764 annotationem
1145 4677 1496 4774 commentariaque
1519 4677 1776 4776 complurium
1800 4671 2024 4747 doctillimo·

423 4825 513 4876 rum
529 4795 703 4873 virorum
720 4793 936 4871 doctillima.
957 4837 1002 4856 -·
1023 4801 1066 4870 ln
1088 4795 1252 4898 Bucolic.
1274 4811 1312 4868 et
1330 4795 1431 4866 Geor.
1451 4794 1599 4872 Servius.
1626 4795 1801 4866 Donatus.
1823 4789 2024 4864 Manem!-
