4636 5878
373 534 447 610 216
719 547 959 616 caranocvs
985 543 1373 616 arnnoonaomcus.
1401 541 1602 606 unxxxv.

661 727 809 798 affirma,
831 729 890 786 bue
911 728 1028 808 insuper
1043 726 1130 784 etiarn
1149 725 1276 784 conserti
1292 724 1383 802 potest
1404 727 1496 802 Xseus
1520 724 1619 782 Scltier
1633 725 1667 784 in
1684 723 1787 784 differt.
1807 723 1844 784 de
1857 725 1980 786 aulul

664 823 842 882 bibliotheca
858 843 888 900 p.
904 833 951 898 40.
969 841 1000 880 v.
1014 821 1096 878 Com.
1106 820 1140 878 de
1151 819 1306 896 Seeclaetvyi
1314 822 1378 898 Cat.
1386 817 1521 881 biblioth.
1531 821 1632 896 Hung.
1641 819 1676 876 Τ.
1687 839 1748 898 np.
1759 818 1824 892 466.

1022 991 1075 1066 M.
1092 990 1140 1065 D.
1160 989 1331 1065 XXXV.

474 1135 558 1210 665.
584 1175 629 1190 -
656 1129 911 1236 Kynosophzbn
935 1155 978 1208 ac
993 1129 1216 1232 opusculum
1233 1127 1432 1202 Phemom's
1456 1125 1502 1202 de
1520 1151 1612 1204 cura
1635 1143 1674 1204 et
1693 1125 1977 1202 conservatione

289 1233 295 1242 ⁹
380 1278 517 1328 canum
534 1279 605 1354 per
624 1251 794 1326 nobilem
812 1266 850 1326 et
868 1251 1062 1326 excellent.
1085 1248 1213 1324 virum
1229 1248 1278 1324 D.
1299 1247 1515 1322 liudbertum
1540 1273 1562 1321 a
1585 1237 1773 1320 Mochaim
1799 1245 1986 1319 decanum

376 1369 631 1471 pataviensem
646 1394 756 1468 grece
772 1385 811 1444 et
829 1369 944 1444 latinc
962 1365 1261 1443 eruditissimum.
1283 1370 1311 1440 l.
1326 1365 1374 1440 U.
1393 1365 1505 1438 Doct.
1523 1363 1672 1464 regium
1691 1361 1942 1437 consiliarium
1961 1387 1983 1438 e

379 1515 515 1588 graeco
535 1487 575 1560 in
591 1487 750 1561 latinum
766 1485 1002 1562 translatum.
1028 1484 1141 1560 Canis
1164 1483 1381 1558 encomium
1398 1482 1460 1558 seu
1481 1481 1668 1559 decanum
1693 1477 1867 1557 laudibus
1884 1476 1982 1552 disti-

383 1604 484 1679 chon
501 1603 547 1678 ad
564 1604 766 1677 lectorem:
985 1691 986 1696 Ἰ
1833 1603 1834 1608 ’
1975 1617 1982 1624 ·

575 1721 780 1821 Quemque
803 1745 941 1794 canum
956 1719 1077 1806 vires,
1095 1719 1251 1794 morbos
1268 1736 1439 1795 artemve
1454 1716 1633 1794 medendi

667 1837 768 1912 nolle
784 1838 891 1935 juvat
907 1836 1037 1938 paucis
1052 1835 1127 1911 cito
1146 1835 1280 1911 doctus
1298 1837 1381 1912 erit.
1603 1911 1606 1919 ,

382 1955 539 2029 Jacobus
557 1981 578 2029 a
592 1955 778 2029 Moshaim
795 1955 903 2030 studii
917 1952 1144 2054 syncerioris
1162 1954 1287 2028 cultor
1300 1955 1367 2030 has
1387 1953 1479 2029 duaa
1494 1952 1777 2028 lucubrationes
1794 1952 1981 2049 praestan·

249 2067 254 2078 ¹
380 2070 507 2148 riffimi
525 2071 598 2145 viri
619 2071 911 2170 dominidecani
930 2070 1151 2172 patavienfis
1166 2071 1404 2147 amantissimi
1422 2071 1569 2159 fratris,
1584 2071 1650 2143 illo
1667 2069 1779 2168 plane
1798 2067 1918 2141 invito
1936 2091 1980 2140 ac

381 2188 497 2264 inscio
517 2189 656 2288 (fatcor
673 2190 836 2289 ingenue
856 2190 954 2264 male
974 2189 1071 2264 male
1090 2190 1139 2264 ob
1157 2189 1195 2263 id
1215 2216 1277 2264 mc
1293 2191 1514 2265 auditurum
1532 2189 1713 2288 (honesto
1729 2185 1873 2286 pioque
1892 2208 1982 2258 con·

378 2306 458 2380 lilio
475 2306 514 2380 in
530 2306 730 2410 publicum
744 2307 874 2394 emisit,
892 2305 1096 2390 sententiae
1113 2333 1154 2382 ac
1165 2307 1411 2383 humanitatis
1431 2305 1577 2382 causam
1594 2304 1752 2406 sequens
1763 2329 1849 2378 mea
1862 2307 1981 2376 oslen-

380 2423 436 2499 dit
454 2426 616 2526 epistola.
642 2427 802 2531 Wiennae
817 2451 887 2525 per
904 2425 960 2499 Jo.
990 2427 1228 2524 Sabgrenriem.
1255 2425 1359 2518 1535.
1380 2467 1425 2486 -
1452 2423 1557 2498 Haec
1585 2422 1626 2496 in
1647 2421 1773 2496 sronte
1791 2463 1840 2478 -
1861 2420 1925 2494 sol.
1945 2445 1980 2492 2.

375 2542 546 2643 sequitur
570 2541 722 2644 epistola
738 2540 873 2617 Jacobi
890 2570 912 2618 a
935 2541 1120 2616 Moshas'm
1145 2542 1410 2616 strdz'rvandum
1438 2541 1623 2640 sivrgarzlre
1638 2541 1681 2614 ac
1699 2539 1902 2643 Bobemiae
1920 2564 1979 2614 re·

376 2684 476 2759 gem.
495 2675 533 2732 et
550 2659 622 2734 alia
640 2660 663 2733 s.
687 2659 720 2732 3.
740 2659 787 2733 ad
802 2661 987 2734 lectorem
1010 2656 1149 2759 scripta
1167 2684 1214 2734 cx
1239 2685 1325 2734 arce
1340 2657 1528 2734 Strecbaw.
1552 2658 1653 2731 1535.
1670 2699 1720 2716 -·
1740 2657 1828 2731 dein
1839 2659 1981 2732 catalo·
2008 2721 2010 2726 .

375 2803 446 2876 guo
465 2776 511 2850 dc
528 2801 620 2852 cura
638 2776 807 2875 capitum
827 2776 873 2851 de
891 2802 982 2850 cura
999 2793 1038 2850 et
1054 2775 1338 2853 conservatione
1358 2801 1497 2851 canum
1511 2819 1562 2836 -
1588 2775 1744 2850 demum
1767 2775 1981 2875 Kynososo·

375 2892 499 2996 pbion
520 2933 568 2950 -
599 2893 683 2966 sinit
699 2918 782 2992 pag.
805 2894 858 2967 16.
885 2919 974 2967 cum
991 2894 1270 2968 medicamento
1291 2909 1424 2970 contra
1450 2891 1612 2995 scabiem
1635 2935 1685 2951 -
1716 2890 1879 2968 acetum
1892 2911 1980 2969 cum

342 3091 345 3100 ¹
376 3008 609 3107 sacrophago
627 3007 749 3107 lapide
764 3008 971 3108 butiroque
997 3035 1211 3110 concoquas
1237 3036 1314 3112 quo
1339 3010 1379 3084 in
1403 3029 1643 3110 unguentum
1669 3011 1823 3087 redacto
1848 3037 1980 3090 canem

249 3198 254 3206 ,
378 3125 585 3225 perungito
604 3140 643 3199 et
664 3122 897 3198 convalescit.
926 3125 1038 3200 Char.-
1056 3127 1185 3242 grand.
1204 3125 1283 3202 soll.
1302 3128 1357 3202 16.
1380 3153 1469 3202 cum
1485 3129 1603 3230 epigr.
1621 3129 1684 3205 lin.
1702 3131 1762 3205 30.
1776 3138 1810 3222 4.

566 3263 705 3338 DenrJius
722 3261 788 3318 uuit
805 3265 836 3319 in
856 3261 906 3318 der
923 3261 1291 3340 Bucbdrucltergescblcbte
1306 3266 1419 3322 Wiene.
1436 3267 1539 3341 p..571.
1558 3269 1597 3324 N.
1607 3261 1669 3324 366.
1689 3269 1901 3344 biographiam
1912 3291 1978 3349 auc·

663 3356 734 3412 toria
751 3371 851 3432 utpote
864 3358 926 3412 viri
942 3354 980 3411 ob
996 3356 1056 3413 sata
1071 3357 1121 3412 sua
1138 3357 1264 3433 perpessa
1276 3357 1494 3426 namabilis,
1511 3361 1637 3434 citatque
1651 3360 1756 3435 scripta
1766 3360 1836 3429 sue,
1851 3382 1926 3437 quae
1942 3365 1975 3422 in

660 3446 796 3505 biblioth.
819 3449 954 3524 Gesanerr'
979 3465 1006 3504 et
1027 3450 1059 3505 in
1076 3445 1104 3508 8.
1123 3449 1184 3507 vol.
1205 3447 1390 3525 epistolarum
1406 3451 1653 3508 miscellaneorum
1670 3452 1707 3508 ad
1720 3453 1803 3511 Frid.
1824 3456 1975 3533 Narseum

662 3538 747 3596 aaut.
767 3541 847 3616 ¹⁵3⁰·
864 3542 1056 3616 reperiuntur.
1073 3579 1109 3594 -
1123 3543 1253 3600 Panaeti
1266 3543 1372 3600 Annal.
1388 3545 1521 3622 Typogr.
1541 3545 1577 3600 Τ.
1585 3562 1613 3619 9.
1630 3565 1658 3620 p.
1668 3540 1713 3602 58.
1731 3547 1840 3603 ΝΜ.

1068 3713 1125 3786 Μ.
1147 3711 1196 3787 Ι).
1222 3711 1287 3788 Ll.

471 3847 556 3924 666.
580 3887 631 3906 -
656 3845 700 3919 In
725 3845 830 3919 ama
855 3850 1082 3946 sagzkmundi
1099 3849 1209 3924 liberi
1234 3852 1395 3927 Barom's
1420 3851 1460 3927 in
1484 3852 1729 3954 Herbessteim
1754 3855 1912 3958 Nezperg
1937 3874 1978 3933 et

355 3965 590 4064 'Guetenhag
608 3967 654 4040 R.
675 3965 800 4064 Hung.
816 3981 856 4039 ct
869 3966 1029 4042 Bohcm.
1045 3969 1137 4066 fleg.
1156 3968 1243 4066 Maj.
1260 3968 1491 4058 Confiliarfi,
1516 3971 1725 4047 Camerarii
1744 3990 1783 4048 et
1798 3974 1878 4050 sisci
1893 3973 1986 4060 aus-¹
2063 3973 2066 3978 ’

371 4082 480 4157 triaci
497 4081 678 4183 praefecti
698 4108 851 4157 carmen
867 4082 1077 4170 heroicum,
1099 4085 1308 4185 elegiacum
1320 4087 1427 4162 simul
1442 4105 1480 4162 et
1495 4088 1659 4190 lyricum
1676 4107 1809 4166 autore
1817 4091 1972 4166 Nicolao

373 4195 494 4270 Poto.
510 4199 762 4287 Bmxellensi3
781 4199 871 4273 huic
890 4199 1002 4274 titulo
1019 4199 1196 4277 adiuncta
1210 4201 1296 4278 sunt
1313 4203 1353 4277 in
1366 4203 1493 4281 srontc
1510 4233 1617 4281 arma
1628 4208 1792 4284 familiae
1810 4209 1976 4285 Herber-

371 4313 583 4430 lleinianae.
599 4357 648 4374 -·
667 4317 730 4390 fol.
750 4343 783 4390 2.
800 4317 935 4416 incipit
958 4345 1122 4394 carmen.
1140 4321 1224 4395 linit
1239 4320 1302 4395 sol.
1323 4324 1358 4396 6.
1375 4348 1463 4397 cum
1475 4325 1787 4425 praecedentium
1801 4325 1976 4400 omnium

371 4429 575 4506 summa'in
594 4431 764 4532 quinque
782 4429 956 4510 distichis.
987 4437 1149 4512 Vacunae
1168 4435 1335 4536 Austriae
1352 4441 1561 4518 excutiebat
1578 4445 1880 4545 Egz'divsAqur'la
1896 4445 1975 4519 An·

374 4573 427 4622 no
446 4549 500 4625 M.
508 4548 559 4624 D.
568 4547 630 4622 Ll.
651 4548 763 4622 Char.
782 4552 910 4656 grand.
930 4553 1022 4652 eleg.
1043 4554 1119 4629 soll.
1135 4558 1169 4631 8.
1187 4583 1268 4632 non
1282 4558 1368 4659 sign.
1386 4560 1448 4634 lin.
1463 4563 1522 4659 2'9.
1541 4567 1576 4651 4.

564 4704 684 4783 Donasti
701 4705 850 4786 Neubnag
864 4709 915 4768 der
930 4711 1300 4792 Bucbdruokergescbichte
1309 4719 1423 4776 Wieu'r.
1444 4737 1474 4795 p.
1484 4738 1529 4795 7o.
1546 4719 1584 4778 N.
1595 4715 1661 4795 ³166.
