4696 5860
1314 541 1330 584 0

385 653 430 700 22
799 650 1038 708 CATALOGUS
1064 651 1439 718 tttnttoonsttttctts
1465 653 1569 710 MDV.

355 826 479 946 'trae
499 825 681 918 mileltmo
703 828 1002 925 quingentesimo
1022 831 1168 929 quinto.
1196 831 1306 908 Char.
1324 856 1420 905 rom.
1440 831 1530 930 eleg.
1559 829 1634 904 loll.
1648 836 1702 918 42.
1729 830 1860 904 lin.26.
1884 831 1979 930 Spa·-

388 940 450 1015 tiis
467 942 671 1046 interjectis
691 960 728 1016 et
744 945 842 1046 gloll.
857 971 973 1044 marg.
990 953 1023 1036 4.
1337 939 1343 954 ’

582 1099 684 1156 Editio
703 1105 889 1172 Μαίηαίηό,
907 1107 1059 1166 Panzero.
1081 1123 1107 1162 et
1124 1107 1245 1182 Demsso
1263 1109 1426 1184 incognita.

485 1295 542 1366 56.
560 1335 604 1356 -
625 1283 1003 1368 Sextz'lz'br'r'materia
1020 1320 1107 1367 curn
1129 1295 1382 1392 capitulorum
1409 1297 1642 1369 Numero-
1663 1322 1751 1368 cum
1767 1277 1886 1368 tribus
1899 1290 1986 1389 Epi-

390 1409 621 1507 gramatibus
640 1425 677 1483 et
695 1409 819 1506 inltgn.
831 1410 979 1482 ¹librarii
1001 1410 1038 1483 T.
1049 1411 1092 1482 K.
1108 1451 1152 1467 -·
1178 1409 1551 1484 Tht‘elmann'Kerver.
1570 1447 1620 1468 -·
1636 1413 1739 1486 Haec
1759 1412 1798 1482 in
1816 1411 1988 1482 fronte-

391 1525 559 1624 lequitur
578 1524 780 1598 declaratio
805 1525 950 1600 arboris
970 1565 1016 1580 -
1036 1525 1230 1599 affinitatis
1249 1517 1336 1599 cum
1353 1527 1386 1599 3.
1404 1527 1534 1624 figuris
1553 1570 1603 1585 -
1623 1527 1710 1602 dein
1738 1527 1801 1599 lol.
1819 1553 1847 1599 t.
1870 1525 1987 1624 ligna·
2012 1533 2027 1550 ‘

393 1659 444 1714 to.
464 1641 713 1714 Prohernium
729 1683 779 1698 -
795 1641 857 1714 lol.
873 1649 954 1738 274.
972 1642 1005 1715 b.
1024 1642 1109 1714 Lin.
1126 1669 1179 1714 tt.
1196 1644 1326 1715 Sextus
1344 1641 1440 1716 liber
1460 1645 1691 1730 decretalium
1709 1641 1870 1716 casuales
1888 1642 1989 1717 litte-

392 1757 489 1830 rales
509 1773 546 1830 et
562 1757 753 1832 Notabilia
772 1757 932 1834 Domini
947 1759 1055 1831 Helle
1071 1759 1463 1859 Regm‘ercomplexus
1481 1787 1569 1835 curn
1588 1759 1844 1835 additionibus
1863 1785 1909 1832 ex
1919 1785 1990 1831 no·

393 1873 491 1948 vella
503 1874 661 1948 Joannr's
672 1875 841 1949 Andreae
855 1875 1092 1975 depromptis
1106 1918 1156 1933 -
1172 1878 1287 1950 finem
1307 1878 1452 1979 accepit
1468 1905 1538 1978 per
1567 1878 1843 1950 Thz'dmannum
1861 1877 1995 1948 Kerver

304 2079 333 2096 ..
379 1990 671 2066 llorentillimae
695 1993 945 2068 univer'litatis
964 1983 1168 2092 parifienfls
1194 1993 1394 2070 librarium
1417 1995 1457 2068 in
1481 2021 1618 2094 magno
1649 1994 1735 2067 vico
1759 1993 1836 2066 divi
1861 1992 1994 2065 Jacobs·

255 2111 259 2121 '
393 2107 440 2182 ad
455 2108 599 2206 lignum
617 2106 729 2190 cratis
746 2110 870 2183 ferreo
889 2127 1192 2184 commorantem
1207 2109 1381 2208 impenlts
1392 2138 1485 2185 vero
1503 2111 1674 2186 eiusdem
1688 2137 1730 2184 ac
1747 2110 1989 2183 bonestorum

392 2225 567 2302 virorum
586 2226 771 2300 lobannis
794 2225 954 2298 Calltber
973 2243 1012 2299 et
1034 2227 1220 2300 Johanm‘s
1234 2227 1329 2323 Rett't
1350 2253 1450 2302 anno
1474 2227 1520 2300 ab
1547 2226 1817 2300 incarnationis
1843 2223 1987 2298 domini

393 2342 574 2416 mileltmo
601 2343 898 2442 quingenteltmo
923 2344 1057 2444 quinto
1075 2343 1189 2442 supra
1211 2344 1313 2418 mille
1334 2339 1457 2418 idibus
1480 2343 1713 2418 Decembris.
1729 2385 1780 2400 -
1806 2341 1990 2439 Sequitur

392 2460 539 2535 Tabula
552 2457 644 2534 lexti
664 2461 774 2535 Char.
788 2460 985 2536 Gothicus.
1004 2488 1093 2536 cum
1112 2461 1181 2535 litt.
1201 2462 1331 2537 initial.
1351 2461 1605 2561 rubro-nigris
1620 2460 1660 2533 in
1676 2476 1783 2550 textu
1799 2456 1926 2555 grand.
1948 2457 1987 2528 in

392 2593 595 2652 comment.
611 2578 744 2652 minut.
765 2577 887 2676 glollis
904 2604 1020 2678 marg.
1038 2579 1100 2653 lol.
1115 2584 1198 2676 274.
1222 2580 1285 2654 lin.
1304 2595 1508 2654 comment.
1524 2581 1582 2676 67.
1601 2579 1625 2652 f.
1643 2619 1693 2636 -
1710 2575 1892 2676 Sequitur
1907 2573 1986 2645 To-

387 2721 453 2768 mo
471 2698 516 2768 ΙΙ.
543 2695 867 2770 Clementinarum
883 2697 1042 2771 materia
1059 2723 1147 2771 cum
1164 2698 1418 2796 capitulorum
1440 2714 1478 2771 et
1492 2697 1693 2771 titulorum
1717 2719 1878 2768 numero
1898 2689 1986 2789 Epi·

389 2837 506 2910 gram.
524 2829 563 2885 et
577 2811 704 2910 inlign.
725 2813 889 2885 Librarii
905 2829 948 2886 ut
965 2815 1005 2888 in
1022 2830 1130 2886 tomo
1150 2815 1279 2913 primo
1299 2813 1339 2887 in
1357 2815 1484 2906 fronte
1500 2854 1545 2868 —
1563 2814 1627 2887 lol.
1649 2840 1677 2886 r.
1701 2813 1734 2886 b.
1755 2812 1879 2908 imago
1905 2809 1982 2882 Cle-

388 2933 519 3001 mentr's
539 2929 662 3030 quinti
678 2929 781 3026 ligno
804 2926 927 3001 incisa.
944 2969 994 2986 -
1019 2929 1082 3003 fol.
1102 2956 1135 3001 2.
1167 2931 1492 3004 Clementinanim
1522 2929 1769 3030 prohemium
1797 2927 1985 3002 adfinem
2032 2973 2036 2985 ·

388 3047 451 3120 fot.
474 3047 551 3120 108.
572 3046 607 3120 b.
625 3045 687 3119 tin.
698 3045 754 3120 38.-
776 3044 1025 3119 Clementinis
1043 3043 1370 3118 constitutionibus
1387 3062 1561 3120 accurate
1578 3046 1757 3144 castigatis
1773 3087 1818 3102 --
1844 3043 1906 3116 lin.
1927 3049 1986 3137 47.

386 3165 502 3237 Anno
522 3165 568 3238 ab
585 3161 853 3267 incarnationis
874 3160 1017 3235 domini
1038 3160 1336 3260 quingentellmo
1353 3160 1488 3260 quinto
1505 3159 1617 3259 luper
1634 3160 1857 3233 milelunum
1879 3184 1985 3234 men·
2025 3153 2028 3160 ’

384 3280 423 3356 le
438 3280 610 3355 Januarii
635 3281 735 3354 circa
759 3279 886 3353 finem.
912 3274 1015 3350 Laus
1031 3277 1118 3351 Deo
1141 3319 1188 3334 —
1209 3276 1357 3352 Tabula
1371 3275 1574 3351 titulorum
1597 3291 1636 3348 et
1663 3275 1919 3374 capitulorum
1936 3311 1985 3328 --

387 3398 490 3472 idem
507 3396 617 3470 Char.
635 3395 711 3470 loll.
732 3395 810 3469 108.
829 3395 893 3467 lin.
916 3393 1189 3468 Commentarii
1207 3395 1265 3490 67.
1283 3392 1307 3468 l.
1326 3435 1373 3450 -·
1399 3393 1487 3468 dein
1500 3408 1628 3467 tomus
1640 3395 1703 3465 lll.
1729 3393 1984 3488 Extravagan·

386 3530 443 3589 tes
462 3539 684 3588 communes
701 3537 789 3586 cum
809 3511 989 3610 epigram.
1011 3525 1049 3583 et
1067 3510 1198 3610 lnllgn.
1221 3511 1303 3584 libr.
1322 3511 1367 3584 T.
1381 3511 1425 3582 tt.
1437 3552 1487 3567 -
1504 3508 1567 3583 fot.
1582 3537 1610 3583 1.
1623 3511 1657 3584 6.
1675 3508 1983 3607 [hieronymian-

295 3701 297 3706 .
386 3613 438 3704 'rai'
451 3630 631 3703 Bnl‘czizni
643 3629 882 3730 praeludium
895 3671 946 3686 —
963 3627 1026 3700 fot.
1045 3629 1112 3701 ult.
1131 3643 1417 3726 extravagantes
1436 3652 1659 3701 communes
1678 3625 1775 3725 aptis
1798 3624 1983 3698 'elucidate

272 3739 277 3746 ’
385 3747 557 3822 lumariis
576 3747 777 3834 adiunctis,
805 3773 902 3846 quae
919 3769 991 3845 pro
1010 3746 1146 3818 maiori
1171 3760 1279 3843 parte
1302 3742 1385 3819 lunt
1407 3744 1584 3817 Iohannis
1600 3743 1726 3816 XXll.
1749 3740 1982 3838 expliciunt,
2099 3767 2100 3772 ¹

385 3863 655 3963 nonnullisque
678 3863 828 3936 illarum
852 3861 1001 3935 subtilia
1022 3860 1237 3937 Glosemata
1254 3861 1369 3936 variis
1393 3888 1440 3936 ex
1457 3859 1705 3934 Bibliothecis
1724 3857 1982 3958 pariltenlibus

384 3981 470 4056 lunt
491 3981 631 4076 adjecta
646 4005 716 4080 per
739 3973 1016 4052 Tht'elmannum
1026 3977 1235 4052 Kerveretc.
1247 4021 1296 4038 -
1308 3979 1482 4079 imprelle
1501 4003 1564 4052 ere
1579 3992 1618 4051 et
1633 3973 1807 4076 impenlls
1824 3975 1981 4047 Joonm's

378 4099 472 4199 petit
486 4111 525 4171 et
537 4095 723 4170 Iohannis
742 4095 904 4168 Cabiller
914 4110 1171 4168 mercatorum
1187 4096 1287 4170 bene
1299 4087 1537 4168 meritorum.
1555 4095 1669 4168 Anno
1689 4093 1737 4166 ab
1754 4091 1979 4166 incarnatio·

383 4214 444 4288 nis
464 4212 623 4287 Domini
638 4213 752 4285 nollri
770 4210 1066 4313 quingentefimo
1085 4211 1220 4310 quinto
1237 4208 1349 4310 supra
1367 4211 1470 4284 mille
1488 4255 1532 4270 -—
1552 4211 1714 4284 dievero
1730 4235 1831 4282 nova
1846 4205 1996 4304 menlis

291 4401 296 4412 .
384 4330 582 4406 Februarii
598 4371 649 4390 ·-
664 4329 846 4428 Sequitur
866 4329 1012 4402 Tabula
1027 4328 1353 4426 extravagantium
1371 4327 1643 4402 communium.
1663 4326 1776 4400 Char.
1791 4322 1894 4395 idem
1901 4323 1979 4396 Go-

336 4465 350 4486 “
386 4449 476 4526 thie.
502 4449 579 4524 loll.
591 4448 649 4520 60.
669 4444 754 4542 fign.
773 4459 810 4517 et
826 4452 860 4532 4,
880 4471 960 4519 non
974 4445 1060 4544 llgn.
1078 4444 1141 4520 lin.
1162 4446 1220 4541 67.
1238 4446 1262 4518 f.

582 4607 732 4662 Ponzerus
752 4601 784 4653 in
800 4599 906 4658 Annnl.
923 4601 1055 4676 Typogr.
1072 4603 1107 4656 T.
1117 4623 1145 4675 7.
1164 4621 1192 4676 p.
1205 4603 1269 4674 514.
1287 4601 1326 4656 N.
1344 4603 1405 4656 132.
1421 4599 1515 4656 ederit
1529 4601 1654 4655 Tomutn
1670 4601 1787 4654 tertium
1808 4593 1887 4651 5506.
1912 4609 1980 4666 pro·

674 4691 770 4756 titire,
788 4689 865 4762 quod
881 4705 975 4744 autem
992 4695 1168 4749 sonnatium
1185 4695 1222 4749 cll
1238 4691 1412 4748 conclufioui
1427 4691 1525 4747 finali:
1545 4707 1643 4748 omnes
1660 4691 1737 4748 onim
1754 4704 1810 4746 tw
1834 4685 1907 4742 torni
1931 4700 1980 4738 oo·

675 4784 737 4842 tem
753 4795 828 4840 auno
849 4781 928 4838 2505.
945 4784 1092 4858 improbos
1104 4785 1185 4842 luille
1200 4783 1370 4860 subscriptio
1385 4781 1535 4840 elarillims
1550 4781 1641 4840 doces.
