4696 5860
393 689 434 738 ιο
664 633 667 640 ’
798 683 1037 743 cirenocns
1063 678 1437 742 manocnmnrcus
1464 681 1571 743 nnn.

393 881 492 946 cum,
504 883 591 932 cum
605 873 830 957 corruptum
845 859 1048 933 invenitur.
1062 899 1108 916 -·
1118 859 1297 954 Eiusdem
1304 837 1573 962 Neophfiolnon
1582 858 1863 934 -Carmende
1874 851 1993 936 Phoe·

391 976 473 1046 nice
487 1015 536 1031 -
561 975 645 1047 Car.
668 974 714 1048 de
741 974 1016 1050 resurrectione
1035 975 1203 1048 Domini.
1220 976 1410 1052 -Habes
1426 971 1541 1053 etiam
1562 971 1618 1053 Jo.
1641 972 1763 1078 Chryfi
1790 977 1837 1051 de
1862 979 1992 1051 nucha

394 1089 585 1190 quandam
601 1089 886 1190 Expofitionem
898 1109 937 1166 et
950 1091 990 1164 in
1009 1092 1170 1166 eandem
1183 1093 1383 1168 materiam
1398 1095 1506 1168 Laut.
1523 1089 1992 1168 Vallsermonena-ssfla-

395 1207 462 1282 bes
487 1205 655 1308 Philippi
674 1207 722 1281 ad
749 1207 1011 1283 hortationem
1036 1209 1084 1284 ad
1115 1209 1333 1284 Theodotum
1361 1227 1398 1285 et
1422 1209 1598 1285 adversus
1629 1227 1758 1310 gentes
1794 1212 2001 1285 Tenulimi
2066 1197 2071 1204 ¹

396 1323 667 1425 Apologeticon.
685 1367 733 1382 -··
757 1325 861 1398 Haec
878 1324 918 1397 in
932 1325 1078 1398 fronte:
1095 1351 1182 1399 cum
1198 1327 1328 1426 effigie
1346 1329 1383 1402 8.
1408 1329 1515 1402 Joan.
1536 1325 1730 1426 Baptistae.
1753 1326 1816 1400 fol.
1845 1355 1873 1402 ι.
1893 1327 1928 1402 b.
1946 1329 1993 1399 E-

288 1449 290 1456 ’
394 1440 524 1540 pistola
540 1439 665 1512 Joann
688 1439 844 1512 Yaemni
857 1440 905 1514 ad
929 1440 1171 1514 Cardinalem
1192 1439 1402 1519 Corneltitin.
1426 1487 1473 1502 -
1491 1443 1553 1517 tol.
1575 1445 1600 1516 l.
1617 1443 1746 1516 colore
1764 1443 1902 1520 rubro:
1920 1469 1996 1516 coe·

394 1561 445 1630 lii
460 1557 636 1630 lactantii
646 1555 762 1631 divin.
779 1555 1055 1633 institutionum
1071 1575 1140 1633 etc.
1161 1559 1257 1634 liber
1272 1561 1431 1660 primus.
1450 1603 1499 1618 -
1516 1561 1556 1633 in
1573 1560 1647 1634 fine
1669 1559 1731 1633 fol.
1752 1560 1829 1632 160.
1849 1558 1884 1633 b.
1904 1559 1998 1634 divi·

395 1700 593 1776 net-opera
607 1665 813 1763 tenenat,
835 1657 1073 1752 lemanni'et
1100 1677 1265 1751 aliorum
1285 1675 1397 1777 supra
1418 1677 1618 1751 dictorum.
1649 1673 1822 1776 impressa
1844 1676 2000 1749 Wnen'tit
2082 1659 2085 1668 ’
2131 1763 2136 1774 .

398 1792 497 1866 mira
528 1807 610 1866 arte
644 1806 683 1865 et
715 1790 908 1890 diligentia
933 1793 1092 1868 loannis
1126 1793 1172 1868 de
1205 1793 1331 1867 Tn'bus
1354 1793 1613 1892 cognominati
1648 1793 1829 1866 Tannus
1863 1791 1999 1865 finiunt

397 1908 695 1984 M.ccccc.1t.
719 1908 780 1982 die
799 1911 862 1982 lll.
887 1910 1058 1986 Januarii
1078 1910 1297 1985 dominante
1321 1911 1464 2009 inclyto
1488 1907 1666 2009 Principe
1691 1909 1881 1983 bonarda
1902 1909 2001 1982 Lnu·
2058 1977 2061 1989 ,

265 2013 269 2023 ’
399 2017 543 2101 redono.
567 2067 610 2084 -
637 2025 850 2123 Registrum
871 2027 998 2126 operis
1016 2067 1066 2085 -
1090 2027 1179 2101 dein
1195 2029 1258 2101 fol.
1272 2031 1299 2102 l.
1317 2028 1413 2102 liber
1439 2025 1665 2130 Tertultiznns
1691 2025 1787 2122 (lcu)
1827 2023 1867 2126 Q.
1888 2026 1999 2123 Septi-

400 2147 458 2217 mi
457 2143 633 2235 florentie
649 2135 869 2216 Tertulliani
884 2144 1143 2244 apologeticus
1161 2144 1336 2218 adversus
1352 2161 1539 2244 gentcs—
1559 2142 1643 2216 linit
1656 2141 1720 2215 fot.
1736 2141 1863 2242 XXll.
1882 2140 2003 2235 Quin·

270 2313 274 2322 ·
402 2262 433 2334 ti
454 2263 531 2362 Sep.
556 2262 778 2335 Tertulliani
791 2260 1050 2360 apologeticus
1073 2259 1252 2336 adversus
1274 2277 1404 2360 gentes
1429 2286 1518 2334 cum
1542 2257 1715 2335 sermone
1741 2256 2003 2358 pulcherrimo
2063 2309 2066 2323 ,
2152 2281 2155 2288 ’

402 2378 450 2452 de
477 2395 631 2453 aeterna
654 2377 732 2450 vita
758 2375 923 2476 explicit.
951 2375 1067 2472 Quod
1091 2402 1189 2478 opus
1210 2393 1291 2451 arte
1313 2395 1351 2452 et
1372 2376 1547 2478 impensls
1565 2377 1725 2449 loannis
1757 2374 1912 2445 Tacnrni
1933 2370 2005 2444 fuit

400 2485 622 2596 imprellum
646 2493 802 2586 Veneriis
823 2494 937 2566 Anno
961 2493 1125 2578 Domini¹
1149 2496 1216 2568 152
1238 2495 1367 2594 (1502)
1390 2493 1450 2568 die
1467 2518 1571 2567 nono
1591 2489 1763 2566 Januarii
1784 2485 2005 2561 dominante

403 2613 595 2688 Leonardo
611 2612 831 2685 Laurednno
841 2609 1015 2711 principe
1034 2609 1199 2685 illullrill.
1215 2653 1266 2668 -
1276 2611 1421 2710 Sequit.
1442 2609 1653 2710 Regilla-um
1666 2606 1779 2682 huius
1796 2602 1924 2705 operis
1936 2617 2006 2678 etc.

408 2730 521 2805 Char.
542 2755 638 2803 rom.
655 2727 796 2828 splend.
812 2729 885 2801 litt.
904 2728 994 2800 init:
1018 2726 1162 2803 incisae.
1180 2727 1351 2825 foll.172.
1369 2728 1504 2816 lin.42.
1524 2727 1548 2801 l.

598 2867 728 2922 Ponzeri
739 2849 843 2926 Anbal.
864 2837 994 2940 l'jpogr.
1015 2867 1049 2922 T.
1059 2863 1086 2923 8.
1101 2886 1130 2942 p.
1143 2867 1205 2922 3⁵2.
1226 2848 1264 2924 N:
1279 2887 1340 2925 m.
1359 2866 1461 2921 Mein.
1484 2868 1522 2921 11.
1540 2883 1570 2940 p.
1583 2865 1644 2937 154.

509 3055 565 3128 23.
576 3053 760 3128 -Publii
769 3049 920 3153 Virgilii
932 3056 1098 3130 Maronis
1108 3053 1239 3153 Opera
1256 3053 1377 3154 (cum
1394 3052 1558 3150 imagine
1568 3051 1669 3150 ligno
1688 3051 1823 3146 incisa)
1839 3091 1889 3107 —
1908 3048 2012 3121 Haec

377 3169 381 3184 '
413 3173 454 3248 in
471 3172 599 3246 fronte
617 3159 752 3246 -'-f01.
776 3200 804 3246 1.
824 3173 861 3246 b.
880 3215 930 3230 ··-
959 3173 996 3246 P.
1029 3174 1065 3254 V.
1088 3170 1255 3246 Maronis
1281 3195 1400 3268 opera
1424 3193 1512 3240 cum
1535 3167 1705 3266 quinque
1728 3161 2011 3240 commentariis

412 3287 686 3390 expolitillimis
699 3315 773 3389 que
790 3291 920 3389 figuris
940 3304 1057 3390 atque
1078 3285 1304 3392 imaginibus
1318 3310 1442 3384 nuper
1456 3309 1526 3383 per
1551 3277 1796 3376 Sebastznnum
1812 3279 1932 3352 Brant
1956 3276 2013 3351 su-

412 3404 620 3508 peradditis
649 3403 975 3506 exactillimaeque
998 3403 1147 3488 revisls.
1176 3420 1288 3503 atque
1310 3399 1479 3474 elimatis.
1497 3441 1544 3457 -
1565 3397 1787 3472 Praemium
1807 3389 2020 3490 Chnstosen'

329 3597 340 3613 ,
412 3525 582 3598 Landeni
596 3560 644 3580 -·
661 3523 740 3596 vita
754 3521 920 3596 Maronis
937 3561 983 3576 -
1000 3519 1023 3591 f.
1047 3546 1075 3590 1.
1098 3517 1156 3616 fig.
1176 3518 1363 3616 incipiunt
1379 3515 1581 3614 Heglogae.
1603 3513 1666 3587 fot.
1683 3515 1740 3600 34.
1764 3509 1953 3608 Georgica
1964 3549 2014 3565 ·-

288 3681 291 3696 ·
412 3641 476 3716 fol.
503 3667 580 3713 121.
599 3639 685 3711 libri
701 3639 866 3713 Eneidos
888 3681 940 3695 -
957 3635 1033 3710 foll.
1052 3635 1135 3709 310.
1158 3636 1261 3733 (non
1281 3629 1375 3728 307)
1401 3630 1535 3730 incipit
1559 3628 1655 3703 liber
1683 3629 1851 3706 decimus
1880 3625 2016 3699 tertius

413 3757 591 3834 Eneidos.
606 3756 717 3852 -zad
733 3757 849 3830 finem
868 3757 986 3844 f.444.
1008 3753 1071 3826 lin.
1083 3753 1141 3826 26.
1161 3747 1380 3850 impressum
1398 3747 1500 3846 regio
1519 3746 1556 3818 in
1572 3745 1723 3819 civitate
1736 3739 2010 3842 Argentinenll,

415 3876 678 3960 ordinatione,
711 3872 803 3946 olim
830 3871 999 3946 inatione
1023 3897 1065 3945 ac
1089 3867 1295 3944 relectione
1321 3860 1453 3961 Sebast.
1476 3863 1613 3947 Brant,·
1638 3855 1757 3960 opera
1783 3885 1857 3960 que
1885 3873 1924 3931 et
1945 3856 2016 3930 im·
2063 3853 2070 3864 '

416 3993 530 4095 pensa
548 4019 628 4066 non
656 3987 842 4093 mediocri
856 3987 1029 4086 Magistri
1050 3987 1235 4060 Iohannis
1253 3985 1462 4081 Gn'lntnger
1477 3981 1592 4054 Anno
1619 3972 1887 4052 incarnationis
1907 3971 2017 4045 Chri-

419 4111 470 4183 tti.
496 4109 680 4181 Milefimo
700 4104 1000 4207 quingentesimo
1012 4103 1183 4180 ‘secundo
1203 4101 1336 4202 quinta
1354 4098 1537 4172 Calendas
1550 4093 1788 4194 Septembris
1803 4091 1942 4188 infigne
1958 4106 2018 4186 ty-

424 4248 532 4322 pogr.
549 4223 649 4296 char.
666 4249 815 4297 roman.
832 4219 961 4320 grand.
978 4246 1066 4296 cum
1082 4217 1204 4317 glollis
1219 4215 1374 4290 minuic.
1393 4213 1469 4286 foll.
1488 4219 1570 4302 444.
1591 4211 1713 4310 fignat.
1736 4209 1800 4281 lin.
1815 4222 1941 4280 textus
1959 4205 2016 4306 31.

426 4337 647 4412 Gloliarum.
667 4363 721 4433 72.
738 4364 826 4412 curn
844 4337 974 4412 multis
994 4337 1125 4434 liguris
1143 4335 1246 4433 ligno
1266 4330 1396 4404 incisis.
1414 4329 1436 4403 f.

566 4479 571 4488 ⁵
618 4494 747 4549 Panzeri
775 4495 880 4550 Annel.
902 4493 1087 4574 typogrspk·
1107 4494 1141 4550 T.
1150 4492 1179 4552 6.
1198 4506 1281 4566 μη.
1303 4491 1341 4548 Ν.
1353 4505 1397 4548 12.
1416 4489 1516 4545 Maiis.
1534 4485 1595 4547 ind.
1614 4488 1651 4540 11.
1672 4503 1701 4559 p.
1720 4477 1782 4540 328.
1804 4479 1842 4535 ad
1861 4476 2021 4554 splendidas

717 4599 792 4638 certe
814 4583 939 4639 eiusdem
958 4587 1094 4660 temporis
1114 4583 1254 4639 editiones
1274 4583 1331 4636 hoo
1351 4597 1423 4652 opus
1447 4577 1543 4651 quoad
1559 4577 1749 4632 characterem
1767 4569 1975 4628 commentarii
1994 4583 2022 4622 et

715 4691 866 4729 nummum
878 4671 1035 4748 figuram
1053 4676 1155 4732 referri
1168 4673 1265 4749 potell.
1285 4669 1489 4728 Ancorarium
1506 4683 1653 4744 praetcrea
1672 4665 1729 4730 ott,
1746 4659 1884 4740 poliloll.
1895 4661 1956 4729 307.
1969 4675 2021 4712 no·
2056 4687 2072 4716 x

715 4783 768 4822 vos
787 4767 833 4838 34.
852 4763 1002 4848 lolliorum
1016 4785 1150 4824 numeros
1168 4765 1316 4824 inchoare.
