4706 5868
368 654 416 726 92
479 622 483 630 '
764 647 1002 706 cararooos
1024 641 1400 704 nranoonarmcus
1426 641 1596 701 numi.-

371 813 459 896 cesla
479 824 593 896 Armo
609 823 768 896 Domini
789 789 1016 922 M.‚1)'.xv1.
1039 825 1100 900 di'e
1116 817 1210 900 iero
1235 825 1364 898 XXV.
1383 823 1517 898 mensls
1538 821 1703 919 Augusti.
1726 819 1838 894 Char.
1866 823 1969 920 goth.

372 939 449 1013 soll.
471 947 526 1038 74.
549 940 812 1037 srgn.lin.154.
837 942 862 1014 f.
1239 1031 1245 1045 ι
1859 955 1862 962 ’

565 1079 693 1134 Ponzerr'
712 1079 816 1134 minas.
835 1081 969 1156 Typogr.
989 1079 1023 1134 T.
1034 1078 1061 1136 6.
1080 1077 1162 1154 p.76.
1182 1079 1219 1136 N.
1228 1081 1293 1154 432,

465 1223 607 1319 267.-
620 1223 784 1294 Severzizi
795 1221 949 1296 Boethii
963 1221 1009 1298 de
1028 1221 1282 1296 consolatione
1304 1219 1569 1321 Philosophiae
1591 1220 1677 1292 libri
1698 1221 1867 1321 quinque
1887 1249 1973 1294 cum

372 1339 555 1440 perclaris
571 1338 725 1411 Ioannis
741 1339 945 1414 Murmellr'i
954 1339 1259 1425 commentariis,
1278 1366 1442 1438 cumque
1460 1337 1647 1438 Rodolphi
1661 1337 1975 1436 Agn'colaePhri-

359 1459 420 1554 sn·
434 1473 472 1532 et
492 1455 689 1554 Augustini
703 1457 826 1529 Dathi
838 1455 1138 1530 doctissimorum
1155 1455 1329 1531 virorum
1352 1455 1391 1530 in
1407 1455 1559 1528 Boethu'
1568 1471 1718 1555 partem
1737 1453 1974 1532 luculentiffi-

370 1603 434 1650 ma
450 1571 689 1648 enarratione
708 1589 777 1648 etc.
795 1575 848 1646 M.
858 1573 1033 1647 CCCCC.
1043 1573 1149 1648 XVI.
1167 1572 1329 1674 Epistola
1337 1574 1464 1646 loona.
1481 1575 1685 1648 Murmellri'
1692 1574 1738 1646 ad
1748 1571 1974 1672 Rudolphum

375 1693 558 1788 Langritm
571 1731 617 1751 -
634 1688 697 1764 sol.
722 1699 799 1780 104.
819 1691 881 1766 lin.
901 1699 959 1780 24.
977 1691 1039 1764 hic
1055 1692 1171 1765 finem
1188 1691 1378 1791 accipiunt
1396 1689 1483 1764 libri
1495 1691 1665 1794 quinque
1677 1688 1975 1766 Boethnm'cum

373 1807 575 1882 luculentis
596 1807 722 1882 Ioann.
743 1809 932 1882 Munnelr'i
945 1808 1247 1883 enarrationibus
1268 1825 1336 1884 etc.
1355 1851 1406 1864 -
1435 1803 1610 1882 Coloniae
1633 1808 1672 1881 in
1699 1807 1856 1881 officina
1876 1807 1975 1880 litte·

377 1923 478 2000 raria
486 1922 742 2023 ingenuorum
757 1924 968 2000 liberorum
989 1925 1165 2029 Quentell.
1176 1929 1288 2000 Anno
1305 1927 1357 2000 M.
1368 1927 1416 1999 D.
1427 1926 1532 1999 XVI.
1544 1925 1667 2026 pridie
1681 1917 1973 1998 CalendasMar-
2063 2017 2069 2026 ¹

373 2041 456 2118 tias.
483 2041 594 2114 Char.
612 2042 714 2140 goth.
734 2043 885 2116 minusc.
905 2043 998 2117 Foll.
1030 2043 1222 2144 rodcslgn.
1253 2071 1306 2118 12.
1332 2042 1405 2118 stne
1427 2069 1533 2117 num.
1551 2041 1615 2118 lin.
1629 2039 1685 2114 32.
1706 2040 1745 2114 in
1764 2039 1890 2113 Textu
1918 2042 1975 2126 45.

372 2157 512 2257 glossue
530 2183 648 2255 marg.
675 2165 708 2248 4.

565 2275 695 2352 Parizem‘
710 2297 816 2353 huual.
829 2301 961 2374 Typogr.
979 2301 1013 2355 T.
1022 2319 1049 2374 9.
1069 2319 1098 2376 p.
1109 2299 1172 2374 426.
1191 2301 1229 2356 N.
1241 2301 1305 2374 257.
1325 2299 1368 2362 b·,

468 2439 612 2512 268.-
631 2439 881 2539 Compendricm
902 2445 1168 2544 Etymologiae
1187 2460 1226 2518 et
1245 2441 1423 2542 Syntaxis
1441 2440 1532 2516 artis
1547 2437 1815 2539 grammaticae
1826 2437 1980 2510 Liman-

376 2557 881 2633 m‘LameneriGuernensls.
908 2561 996 2636 Jarn
1020 2560 1073 2636 ita
1091 2559 1303 2635 absolutum
1326 2577 1439 2662 atque
1456 2559 1712 2657 recognitum,
1732 2555 1982 2658 pluribusque

374 2677 414 2749 in
431 2673 523 2749 locis
540 2674 586 2748 ab
609 2673 746 2747 eodem
766 2692 920 2750 auctore
942 2678 1140 2766 illustratus
1161 2695 1336 2763 auctum,
1361 2693 1399 2751 et
1426 2678 1466 2749 in
1490 2701 1577 2752 eum
1596 2675 1772 2764 ordinem
1786 2671 1984 2748 redactum

378 2792 562 2896 (maxime
581 2787 621 2862 in
641 2790 837 2868 volumine
857 2793 902 2868 de
924 2795 1187 2892 instructione)
1209 2809 1253 2868 ut
1269 2795 1345 2868 iam
1364 2819 1444 2878 non
1463 2793 1576 2866 huius
1594 2792 1686 2868 artis
1697 2790 1914 2865 rudimenta
1927 2786 1984 2862 so·

376 2913 460 2986 lum
479 2907 543 2982 sed
562 2905 679 3007 ipsam
695 2925 816 2984 artem
843 2911 1128 3009 grammaticam
1148 2911 1283 2985 itinere
1311 2910 1504 3004 videatur„
1524 2911 1601 2984 Pro
1621 2909 1770 2982 duobus
1793 2933 1840 2982 ex
1862 2907 1978 2980 fratre

374 3026 580 3127 nepotibus
590 3026 769 3126 equestris
782 3027 926 3102 ordinis
936 3027 1009 3101 viri
1021 3029 1175 3101 loannis
1184 3027 1507 3126 Dobeiutriusque
1520 3026 1615 3124 juris
1626 3023 1845 3126 professoris
1855 3021 1984 3096 eximii

302 3183 308 3194 ·
377 3143 608 3244 majorisque
618 3143 1095 3240 eccleslaeMonasterienfis
1110 3143 1298 3240 Westsalzir
1307 3141 1490 3216 canonici.
1500 3142 1616 3212 Anno
1629 3141 1680 3212 M.
1695 3140 1981 3212 CCCCC.XVI.

355 3276 358 3283 ‘
378 3261 510 3338 Editio
531 3260 668 3336 ultima
691 3261 804 3359 lon'ge
825 3261 1102 3362 castigation-
1123 3261 1227 3334 Haec
1255 3259 1293 3332 in
1319 3259 1445 3331 fronte
1476 3281 1565 3330 curn
1592 3255 1826 3328 Tetrasticho
1856 3253 1984 3325 Ioann.

362 3381 618 3458 Murmeot-
634 3377 697 3452 sol.
713 3377 797 3454 eod
814 3379 848 3452 b.
861 3379 1045 3480 Epistolae
1067 3379 1242 3452 Τι’νητιηηί
1255 3377 1447 3450 Cameneri
1457 3373 1503 3449 ad
1524 3373 1627 3446 Ioan.
1639 3369 1761 3442 Dobes
1778 3385 1906 3442 etc-
1918 3368 1981 3440 fol.
2004 3469 2007 3476 Ι

380 3499 439 3574 68.
455 3498 518 3572 lin.
534 3523 591 3572 21.
605 3495 679 3570 hoc
692 3495 930 3595 praeclarum
941 3498 1206 3597 grammaticae
1224 3493 1446 3596 opusculum
1463 3515 1510 3565 ex
1525 3488 1681 3589 optimis
1695 3483 1977 3585 clarissimisque

386 3613 606 3692 auctoribus
620 3614 822 3688 collectum
837 3613 1056 3715 impressum
1072 3631 1110 3690 et
1129 3616 1303 3688 Coloniae
1317 3611 1357 3684 in
1368 3609 1523 3684 ollicina
1534 3605 1717 3680 litteraria
1731 3605 1987 3702 ingenuorum

385 3734 573 3810 librorum
594 3731 771 3834 Qrtemell.
797 3733 912 3808 Anno
936 3763 958 3810 a
986 3735 1099 3809 natali
1120 3731 1318 3809 christiano
1340 3727 1392 3801 M.
1403 3727 1450 3800 D.
1463 3725 1569 3806 XVI.
1595 3724 1635 3796 in
1661 3722 1855 3798 Januario.
1873 3717 1986 3793 Char.

384 3851 487 3952 goth.
510 3848 689 3928 minutils.
701 3851 835 3950 glossae
855 3875 972 3951 marg.
993 3852 1070 3926 foll.
1085 3853 1144 3926 68.
1159 3875 1239 3924 non
1255 3848 1341 3947 fign.
1361 3845 1424 3920 lin.
1444 3843 1501 3934 43.
1528 3866 1562 3915 2.
1583 3851 1608 3901 ⁴

576 3987 680 4045 Editio
697 3987 843 4060 Analystit
861 3991 1055 4048 verifim'tliter
1071 3987 1233 4046 bucardum
1251 3985 1411 4062 incognita.

481 4123 748 4221 269.—Sr'cuti
761 4122 1004 4224 antiquarum
1016 4121 1224 4196 lectionum
1242 4113 1536 4192 commentarios
1547 4112 1791 4188 concinnarat
1799 4110 1892 4182 olim
1902 4106 1984 4181 vin-

388 4241 461 4314 dex
484 4235 660 4334 Ceselrics,
677 4239 729 4314 ita
745 4267 849 4316 nunc
870 4239 1025 4316 eosdem
1038 4263 1109 4340 per
1125 4236 1312 4312 incuriam
1330 4234 1564 4331 interceptos
1583 4229 1777 4330 reparavit
1792 4226 1988 4299 Lodovr‘cus

392 4358 539 4430 Caelths
556 4353 800 4446 Blandianus,
820 4359 858 4434 in
878 4357 1050 4459 corporis
1070 4381 1189 4430 unam
1208 4353 1313 4431 velut
1328 4352 1471 4426 molem
1488 4348 1640 4448 aggestis
1659 4341 1990 4448 primumlinguae

387 4471 589 4573 utriusque
607 4473 783 4562 floribus,
804 4503 895 4552 mox
905 4477 1089 4552 advocato
1104 4472 1153 4548 ad
1163 4487 1291 4573 partes
1302 4469 1457 4544 Platone
1474 4467 1585 4552 item,
1603 4491 1646 4539 ac
1658 4460 1857 4536 Platonin's
1868 4456 1991 4534 omni·

389 4593 480 4678 bus,
497 4615 568 4664 nec
588 4615 668 4664 non
686 4589 893 4686 Aristotele.
917 4621 959 4669 ac
977 4591 1165 4690 dnenfiros
1180 4587 1351 4664 eiusdem
1367 4585 1459 4658 viris
1469 4583 1571 4667 aliis,
1590 4579 1653 4656 sed
1668 4595 1708 4654 et
1722 4578 1991 4675 theologorum

388 4707 601 4812 plerisque,
619 4733 661 4787 ac
673 4707 1036 4804 jureconsultorum,
1052 4727 1094 4784 ut
1109 4705 1276 4782 medicos
1293 4721 1456 4787 taceam,
1475 4717 1513 4774 et
1528 4698 1710 4774 mathesin
1721 4693 1923 4796 professos,
1942 4711 1989 4762 ex

392 4855 468 4928 qua
486 4826 546 4906 vel
563 4847 606 4910 ut
625 4831 798 4914 lectionis
819 4829 1006 4928 farragine
1031 4826 1268 4928 explicantur
1287 4821 1436 4916 linguae
1454 4815 1594 4894 latinae
1617 4817 1719 4900 loca,
1740 4807 1990 4912 quadringen-
