4694 5878
394 655 462 729 162
633 693 636 700 .
764 669 1004 729 cirinoous
1031 665 1415 730 urucrocnirurcus
1442 613 1661 729 sinxxxnr.

369 807 503 1036 ipsu.
482 873 510 921 1.
536 846 728 948 Philippus
749 845 930 947 Usuardus
941 847 1117 947 procusit.
1146 847 1260 923 Anno
1287 843 1388 923 1533.
1414 845 1526 924 Char
1546 849 1608 924 lat.
1632 849 1713 923 soll.
1733 849 1787 924 16.
1812 874 1892 924 non
1911 848 1997 950 sign
2016 803 2029 812 -

411 991 459 1038 ιιι.
485 971 543 1054 24.

584 1101 701 1159 fochart
718 1101 851 1160 Lexieon
870 1102 975 1160 erudit.
997 1103 1031 1158 T.
1044 1123 1070 1158 1.
1088 1123 1121 1178 p.
1134 1106 1198 1177 403.
1294 1167 1307 1174 -

456 1271 457 1278 ’
493 1271 575 1359 524.
603 1311 650 1326 -
675 1270 832 1344 Henn'cr'
857 1271 1020 1344 Cornelii
1044 1269 1247 1372 Agrippae,
1278 1271 1324 1346 ab
1339 1271 1598 1374 Netesslreym,
1630 1257 1768 1373 equitis
1790 1273 1934 1361 aurati,
1960 1301 2002 1349 ac

397 1384 560 1487 utriusq.
580 1387 686 1461 Juris
705 1388 891 1472 doctoris,
910 1385 1112 1462 Caesareae
1131 1389 1327 1486 Maiestatis
1348 1419 1369 1465 a
1387 1388 1568 1475 consiliis,
1598 1405 1636 1463 et
1653 1377 1816 1464 archivis
1845 1388 2002 1464 Indicia-

396 1503 465 1588 rii,
493 1504 669 1603 apologia
693 1501 869 1578 adversus
894 1505 1099 1608 calumnias
1128 1519 1288 1605 propter
1305 1506 1619 1582 declamationem
1640 1523 1679 1581 et
1695 1507 1867 1582 vanitate¹
1888 1505 2004 1581 scien-

397 1621 557 1708 tiarum,
582 1636 620 1694 et
636 1621 858 1696 excellentia
878 1621 986 1696 verbi
1017 1622 1095 1707 dei,
1140 1621 1204 1694 fibi
1224 1650 1295 1723 per
1321 1624 1467 1724 aliquos
1485 1621 1740 1698 Louanienses
1768 1623 2005 1724 theologistas

397 1740 612 1814 intentatas.
630 1783 674 1797 -
694 1725 1007 1842 Quaerelasuper
1026 1737 1230 1826 calumnia,
1257 1741 1306 1818 ob
1326 1741 1486 1815 eandem
1505 1739 1837 1830 declamationem
1855 1739 1918 1813 fibi
1935 1767 2007 1840 per

400 1857 546 1956 aliquot
562 1856 857 1932 sceleranffimos
875 1857 1146 1968 sycophantas
1177 1856 1280 1958 apud
1300 1857 1519 1932 Caesaream
1534 1835 1679 1956 Majest
1698 1841 1842 1952 nefarie
1860 1885 1902 1932 ac
1903 1883 2009 1970 pro

402 1971 727 2050 ditorieillata*
746 1975 860 2048 Anno
882 1969 936 2049 M
949 1975 996 2047 D.
1007 1973 1258 2048 xxxin.-
1277 1973 1440 2049 Haecin
1459 1973 1653 2049 sronte-
1649 1975 1754 2048 finit
1772 1975 1835 2049 sol
1854 1977 1913 2076 96.
1932 1974 2005 2050 lin.
2072 2081 2074 2086 Ι

403 2091 618 2166 25v.e:rbo
642 2091 913 2192 deprehendet,
933 2092 1045 2166 Char.
1065 2092 1126 2165 lat.
1150 2091 1223 2164 soll.
1246 2090 1304 2190 96.
1322 2091 1506 2192 nonfign.
1525 2091 1589 2165 lin.
1608 2092 1665 2222 28.
1686 2094 1746 2164 8.
1932 2104 1935 2115 “

593 2227 696 2287 Editio
714 2229 856 2286 rarissima
874 2231 1009 2286 etiamin
1025 2230 1141 2286 Jiichcrr'
1155 2229 1267 2284 Lexioo
1288 2230 1391 2284 erudit.
1410 2232 1557 2306 supplem.
1569 2213 1617 2284 T.
1635 2201 1660 2284 Ιι.
1686 2250 1714 2306 p.
1732 2231 1796 2304 340.
1815 2249 1874 2285 non
1890 2229 2008 2286 exhibe·
2109 2219 2112 2224 ⁵

692 2339 759 2387 tur,
778 2319 834 2378 ubi
860 2341 957 2378 omnes
981 2321 1068 2376 huius
1090 2323 1185 2396 operis
1207 2299 1347 2378 editiones
1371 2321 1590 2378 indicantur-
1608 2327 1638 2378 r'.
1659 2323 1941 2398 Clement.'1',1.'p.
1962 2317 2008 2377 86.

689 2414 727 2469 N.
746 2409 791 2471 66.

954 2575 958 2580 ·
1058 2565 1365 2658 ιι.ι).ιιιιιιίι;
1472 2549 1496 2558 ”
1535 2539 1538 2547 ’

508 2720 632 2795 525.-
646 2718 897 2816 Onomastr'con
905 2720 1120 2796 Medicinae.
1131 2721 1330 2812 continens
1345 2721 1474 2812 omnia
1488 2721 1883 2812 nominaHerbarum,
1892 2721 2008 2794 Fruc-

405 2837 521 2922 tium,
540 2837 812 2924 Suffruticum,
830 2837 1048 2922 Arborum,
1068 2835 1263 2923 Sentium,
1282 2838 1499 2924 Seminum,
1518 2837 1916 2936 Florum,Radicum,
1929 2837 2009 2940 ‚La-

408 2953 546 3054 pidum
565 2953 844 3053 preciosorum,
869 2944 1132 3040 Metallorum,
1158 2954 1364 3040 Colorum,
1397 2945 1677 3030 Definitionum
1704 2952 2010 3035 medicinalium,

409 3075 749 3146 instrumentorum
766 3069 1001 3154 Medicinae,
1020 3071 1330 3168 Unguentorum,
1348 3071 1655 3170 Diapasmatum,
1677 3071 2012 3171 Emphlallrorum,

404 3190 685 3288 Eclegmatum,
707 3190 953 3288 Acoporum,
973 3185 1205 3272 Suffituum,
1229 3186 1526 3274 Electariorum,
1554 3189 1859 3263 Pharmacorum
1876 3187 2015 3285 Clylle-
2044 3212 2046 3218 ¹

280 3359 285 3372 ·
404 3307 527 3390 rium,
555 3303 1034 3391 Balanorum,1Pessorum,
1055 3301 1308 3388 pastillorum,
1334 3303 1627 3400 Malagmatum,
1651 3303 1897 3390 Balnearum,
1922 3301 2013 3372 Chi-

409 3423 588 3522 rurgiae,
616 3422 845 3497 Morborum
877 3420 1095 3508 Pecudurn,
1125 3420 1391 3496 Animantium
1416 3421 1541 3494 omnis
1565 3419 1713 3518 generis
1737 3415 1895 3506 nomina
1921 3442 2017 3515 pro-
2054 3495 2058 3502 ,

405 3541 509 3642 pria:
529 3565 664 3615 eorum
684 3563 781 3640 quae
802 3538 841 3612 in
861 3536 1088 3638 myropoliis
1105 3537 1313 3628 habentur,
1334 3535 1581 3620 Morborum,
1610 3533 1870 3628 Medicorum,
1899 3549 1937 3610 et
1957 3537 2016 3606 ln·

405 3673 615 3734 ventorum
630 3654 1127 3752 Medicinae,Anatomiae,
1147 3653 1389 3745 Ponderum,
1418 3653 1683 3753 Philosophiae
1700 3647 1901 3744 naturalis,
1933 3649 2014 3742 Ma·

406 3775 510 3878 giae,
533 3773 751 3860 Achimiae,
781 3790 819 3848 et
834 3771 1086 3871 Astrologiae.
1120 3798 1166 3846 ex
1187 3772 1361 3871 optimis.
1389 3770 1674 3871 probatissimis,
1704 3785 1743 3844 et
1766 3765 2013 3858 vetustissimis

410 3891 634 3977 autoribus,
669 3893 757 3964 cum
779 3890 950 3990 graecis,
981 3903 1065 3963 tum
1092 3888 1236 3974 latinis,
1265 3915 1362 3988 opus
1383 3915 1534 3974 recens,
1560 3912 1685 3992 nuper
1711 3886 1832 3968 multa
1845 3883 2011 3958 lectione

414 4009 570 4084 Othonis
594 4005 814 4106 Brunfilsr'r,
839 4005 1048 4081 medicinae
1068 4003 1301 4104 professoris,
1324 4004 1602 4104 congestumin
1606 4003 1774 4137 gratiam
1793 4026 1929 4076 eorum
1947 3999 2014 4100 qui

412 4129 449 4202 se
471 4127 611 4227 priscae
637 4125 847 4200 medicinae
872 4115 1182 4196 dediderunt-
1229 4113 1471 4221 Praescriptis
1507 4120 1615 4220 operi
1644 4119 1780 4194 tabulis
1812 4116 2016 4190 nominum

407 4245 640 4329 anatomiae,
666 4259 717 4321 et
738 4241 1018 4342 aegritudinum
1036 4237 1341 4345 totiuscorporis
1362 4238 1594 4313 humani-
1613 4235 1810 4312 Saladini'
1800 4251 1892 4308 rtem
1920 4233 2017 4306 iudi·

387 4363 475 4468 'cio
504 4361 550 4434 de
576 4360 810 4460 ponderibus
832 4357 1128 4433 medicinalibus.
1148 4398 1196 4412 -
1226 4355 1464 4453 Argentoran
1483 4353 1583 4487 apud
1607 4336 1792 4428 Joannem
1817 4349 2015 4434 Schottum,

414 4477 639 4576 cumgratia
657 4492 694 4550 et
713 4477 913 4576 privilegio
930 4473 1030 4550 Caes.
1050 4474 1184 4572 Majefi.
1215 4473 1261 4546 ad
1290 4471 1604 4572 quinquennium.
1628 4471 1679 4544 M.
1692 4470 1738 4542 D.
1753 4467 1957 4542 XXXllll.
1969 4509 2016 4524 —

415 4595 549 4671 Haec
540 4621 577 4668 m
593 4594 786 4666 fronte-
804 4592 867 4665 sol.
890 4594 968 4667 186.
987 4592 1050 4664 lin.
1064 4593 1120 4680 48
1144 4589 1382 4687 Argentorate
1387 4589 1486 4690 apud
1501 4591 1609 4663 Joan
1622 4588 1812 4661 Schottum.
1828 4592 1880 4674 ι4.
1892 4583 2014 4683 April.

417 4716 531 4790 Anno
549 4704 759 4786 Christiano
782 4711 885 4800 1534.
905 4709 1016 4784 Char.
1036 4711 1096 4784 lat.
1114 4707 1242 4806 grand.
1263 4705 1340 4779 foll.
1366 4707 1444 4782 186.
1462 4733 1542 4782 non
1561 4705 1646 4805 sign.
1666 4705 1730 4779 lin.
1747 4705 1804 4779 52.
1821 4702 1845 4775 s.

478 4876 481 4885 ’
506 4821 510 4830 ’
610 4853 738 4909 Punzerr'
755 4847 860 4905 huual.
880 4849 1012 4922 Typogr.
1032 4849 1068 4904 T.
1077 4846 1104 4904 6.
1123 4847 1223 4922 pars.
1244 4843 1282 4900 N.
1292 4839 1356 4900 853.
