4696 5860
283 643 296 680 h

406 635 451 714 24
821 635 1060 696 ctTtLoGtts
1082 633 1456 694 mntloontrtucus
1482 637 1586 695 MDV.

406 813 515 894 tenlls
531 809 698 888 concivis
719 813 834 888 Anno
856 813 1039 890 milellmo
1055 791 1353 916 qulngentefimo
1376 815 1511 913 quinto
1534 812 1657 913 pridie
1685 814 1772 888 ldos
1789 814 1863 888 Jul.
1891 815 2003 888 Char.

404 931 507 1032 goth.
525 955 594 1032 per
614 945 741 1008 totum
760 929 934 1008 choralis.
959 957 1047 1008 cum
1071 931 1200 1032 Epigr.
1226 931 1338 1008 litter.
1364 931 1526 1006 initiales
1552 931 1712 1029 grandes
1733 931 1835 1005 rubr.
1860 931 2000 1030 nigrae.

406 1047 483 1124 l'oll.
498 1049 557 1148 98.
573 1065 759 1126 numerat.
779 1066 817 1126 et
835 1051 857 1124 5
872 1075 951 1126 non
965 1066 1157 1151 numerat.
1176 1050 1216 1123 in
1235 1066 1318 1125 toto
1345 1049 1422 1124 153.
1440 1049 1502 1123 lin.
1516 1075 1574 1124 ar.
1593 1053 1625 1138 4.
1639 1048 1691 1122 Μ.

596 1187 769 1262 Psoltsrr'um
784 1187 841 1244 hoo
850 1187 957 1244 nullibi
973 1189 1138 1244 recenlltum
1154 1187 1276 1248 invenit
1296 1187 1382 1244 habet
1399 1187 1558 1262 quidquam
1576 1186 1728 1261 fingunt,
1742 1187 1889 1252 raritatis,
1907 1201 2001 1242 totum

690 1281 768 1336 enim
785 1279 862 1354 quoii
879 1277 962 1356 ligno
980 1277 1102 1336 incisum
1118 1279 1169 1336 elle
1186 1294 1313 1356 apparet.

502 1447 559 1522 61.
586 1487 633 1506 -
666 1445 920 1520 l’ocobularrirs
943 1443 1203 1519 Poetr'cus'five
1228 1447 1458 1518 Elncrllon'us
1483 1445 1680 1518 carminum
1705 1459 1743 1517 et
1769 1445 2004 1542 Hzston'orum
2137 1443 2159 1474 ‘⁴

406 1563 603 1642 continens
626 1561 769 1636 subulas
799 1561 985 1648 historias,
1017 1561 1253 1660 provincias,
1282 1561 1414 1646 urbes,
1445 1559 1598 1658 insulas,
1625 1559 1762 1633 lluvios
1791 1577 1829 1634 et
1854 1579 2002 1636 montes

406 1683 561 1758 illullres
583 1693 620 1752 et
639 1693 774 1752 cetera.
796 1720 839 1736 -
865 1703 953 1752 curn
970 1677 1078 1750 icone
1098 1677 1304 1753 Salvatoris
1321 1677 1465 1752 mundi.
1491 1719 1539 1736 -
1566 1675 1670 1750 Haec
1692 1677 1732 1749 in
1761 1676 1897 1751 fronte.
1925 1678 2001 1751 loll.

406 1797 488 1876 eod.
509 1795 692 1899 praelatio
708 1835 759 1856 -··
772 1793 836 1870 fol.
855 1821 888 1870 a.
907 1795 1169 1872 vocabularlus
1187 1794 1361 1896 poeticus
1382 1835 1427 1854 -
1444 1794 1575 1894 fol.39.
1594 1791 1812 1893 imprellum
1831 1788 2004 1868 Colom'ae

404 1913 504 2018 apud
520 1912 776 2016 predicatores
793 1937 863 2014 per
882 1937 943 1988 me
963 1914 1163 1988 Corneliam
1182 1911 1735 2014 deLyptclzneAnnoDomini
1753 1911 2002 1984 MCCCCCV.
2135 1994 2138 2000 A

404 2029 586 2134 Sequitur
609 2029 672 2106 lol.
684 2037 742 2120 do.
759 2029 846 2103 icon
865 2045 1018 2104 coetum
1038 2029 1190 2105 litteral.
1206 2029 1458 2104 veristmiliter
1474 2027 1746 2128 representans.
1771 2028 1881 2100 Char.
1898 2027 2001 2128 goth.

404 2145 575 2226 ninutiff.
595 2146 672 2222 loll.
687 2153 744 2238 40.
763 2171 841 2220 non
856 2172 959 2222 nurn.
981 2147 1045 2224 lin.
1058 2155 1116 2245 47.
1137 2153 1171 2238 4.
1189 2175 1238 2220 ex
1258 2149 1467 2221 collecnone
1483 2145 1720 2219 Herbin'ana.

595 2281 698 2342 Editio
718 2283 865 2359 hucusque
879 2301 938 2340 non
952 2283 1112 2360 descripte,
1130 2301 1206 2340 certa
1222 2283 1373 2346 rnrilsuna.
1472 2297 1475 2302 ·

496 2455 554 2529 liu.
572 2489 620 2509 -
640 2451 891 2552 Adolescentia
912 2451 1042 2526 Iacobi
1060 2453 1341 2553 Winphelrhgri'
1358 2477 1446 2526 cum
1464 2452 1576 2526 novis
1596 2450 1823 2551 quibusdam
1841 2450 2000 2524 additio-

341 2581 343 2589 *
397 2571 507 2648 nibus
524 2593 594 2670 per
614 2569 859 2644 Gollrhon‘um
879 2567 1005 2646 denuo
1023 2570 1143 2645 revisa
1164 2597 1206 2646 ac
1233 2570 1403 2646 elimata:
1429 2567 1641 2644 additiones
1657 2569 1727 2643 hae
1743 2565 1891 2642 lunt—
1911 2567 2000 2668 Epi·

395 2689 484 2764 llolu
501 2685 624 2760 Aeaei
644 2687 746 2760 Salat
772 2685 819 2762 de
839 2686 1052 2762 litterarum
1073 2687 1209 2762 studiis.
1227 2732 1277 2747 -
1314 2689 1370 2760 Ex
1389 2687 1584 2762 Lactantio
1597 2672 1793 2787 ‘quaedam
1820 2685 2005 2785 pulcerri-

394 2830 455 2882 mo
477 2843 526 2862 -
553 2799 715 2902 Epistola
739 2803 1001 2904 lihpdelrhgri'
1020 2843 1069 2862 -
1096 2803 1322 2905 Responsura
1347 2800 1459 2896 Voffir'
1474 2844 1520 2862 -
1539 2805 1704 2878 Carmen
1730 2803 1936 2900 Philomusi
1951 2801 1999 2876 de

392 2926 507 2996 nocte
520 2946 528 2992 t
555 2917 646 2992 vino
668 2935 705 2992 et
725 2917 885 2994 muliere
904 2958 952 2976 -
978 2921 1216 2994 Moralitates
1241 2921 1564 3022 liinpdelthgzi'-
1591 2921 1810 2997 Sententiae
1835 2919 2000 2994 morales

393 3062 438 3112 ex
458 3033 645 3132 dlonctsco
662 3033 870 3108 Petmrcda.
888 3075 938 3092 -
959 3035 1164 3135 Epitaphia
1182 3036 1369 3136 quaedum
1390 3037 1429 3110 in
1443 3038 1619 3110 Ioannem
1635 3037 1877 3134 Dalburgr'um
1892 3035 1997 3135 Epil-

393 3177 533 3254 eopum
555 3149 885 3226 Worrnstienlem.
905 3191 954 3209 -
972 3151 1077 3226 llaec
1097 3152 1135 3226 in
1152 3151 1288 3228 fronte.
1311 3193 1362 3212 -
1377 3152 1440 3226 lol.
1460 3153 1518 3226 80.
1541 3154 1605 3226 lin.
1617 3153 1675 3224 33.
1706 3153 1845 3242 finiunt
1860 3152 1996 3228 breves

393 3269 594 3350 sententiae
605 3265 1012 3367 {loncestr‘l’etroredae
1025 3283 1094 3344 etc.
1115 3269 1227 3344 Char.
1243 3269 1346 3368 goth.
1363 3267 1497 3368 glollae
1514 3293 1632 3367 marg.
1649 3266 1727 3340 loll.
1744 3268 1802 3340 80.
1821 3266 1883 3338 lin.
1893 3267 1952 3338 35.
1961 3275 1996 3355 4.

579 3403 717 3466 Mons
734 3401 878 3462 deletion
895 3399 1089 3464 nntium
1105 3407 1186 3484 supl.
1207 3407 1278 3464 Tm.
1305 3426 1333 3482 p.
1347 3407 1425 3466 ιω.
1446 3405 1558 3464 indicet
1572 3405 1651 3462 lune
1681 3403 1836 3460 editionem
1863 3405 1996 3478 Argenn-

677 3495 735 3554 rsti
753 3495 832 3552 utos
849 3495 994 3574 prodiille.

971 3663 1117 3768 Absque
1139 3665 1275 3740 thdr'ce'o
1298 3667 1398 3740 locet

485 3801 543 3876 63.
558 3841 606 3858 ·-
622 3799 743 3902 dume
761 3797 1070 3902 Preceptoriurn:
1086 3801 1158 3880 dre
1176 3803 1358 3905 expolitio
1374 3801 1562 3904 tripharia
1585 3801 1782 3903 perutilis,
1818 3801 1858 3873 in
1877 3799 1986 3874 deca-

388 3923 519 4022 logum
549 3915 640 4016 legis
667 3913 812 3993 divine:
847 3943 935 3992 curn
958 3919 1087 3994 multis
1112 3920 1380 4020 pulcherrimis
1406 3920 1614 3994 tractatulis
1638 3945 1681 3993 ac
1707 3917 1984 4002 additionibus,

387 4035 531 4112 eunetis
548 4031 669 4108 eltridi
686 4031 858 4110 fidelibus
875 4031 968 4108 scitu
986 4033 1205 4136 dignillitnis
1224 4053 1293 4113 etc.
1313 4079 1363 4098 ·-
1388 4037 1493 4111 llaec
1519 4035 1558 4109 in
1580 4035 1705 4109 lronte
1726 4061 1815 4107 curn
1839 4033 1983 4132 expoli-

388 4153 491 4228 tione
512 4163 791 4226 tutilantorum.
810 4149 873 4226 lol.
896 4177 973 4224 tro.
993 4149 1029 4226 b.
1049 4151 1112 4226 lin.
1128 4159 1181 4244 ¹·i·
1201 4153 1356 4254 explicit
1374 4151 1665 4251 Preceptoriurn
1680 4151 1834 4222 M'colai
1844 4149 1891 4222 de
1909 4149 1984 4244 Ly-

386 4295 452 4344 m:
478 4289 566 4341 curn
582 4263 838 4342 additionibus
862 4281 901 4343 et
918 4269 1127 4344 tractatulis
1148 4267 1416 4370 pulcherrimis
1432 4267 1581 4342 multis:
1602 4263 1878 4366 diligentillirna
1896 4291 1982 4338 cor-

370 4362 554 4460 'rsrtione
569 4379 786 4465 elaboratis,
809 4397 889 4456 tsm
906 4381 1053 4458 lenibus
1073 4410 1189 4486 quarn
1202 4385 1424 4482 juvenibus3
1442 4411 1487 4458 ac
1502 4381 1746 4458 sermocinari
1761 4381 1979 4454 volentibus

300 4543 307 4560 ·
387 4497 528 4578 l'umme
542 4495 708 4586 utilibus.
727 4497 842 4572 Anno
863 4495 1054 4576 dominice
1066 4499 1249 4600 geniture.
1270 4499 1528 4576 MCCCCCV.
1540 4501 1616 4575 Die
1627 4501 1732 4572 XlV.
1743 4497 1879 4570 menfis
1887 4497 1978 4592 Maji

386 4615 593 4696 ltullillims
610 4611 804 4714 imprellis
829 4611 915 4689 Deo
933 4615 1080 4712 gratias
1096 4615 1344 4716 -Sequitur
1364 4615 1441 4690 loll.
1457 4617 1491 4688 3.
1515 4641 1596 4692 non
1611 4615 1698 4716 regn.
1712 4613 1777 4688 lin.
1795 4613 1853 4686 31.
1868 4611 1905 4684 8.

576 4749 679 4812 Editio
694 4747 835 4810 autum·
850 4749 885 4806 lu
896 4749 1104 4810 msto-tta
1120 4750 1259 4828 biblion.
1275 4769 1336 4810 nou
1351 4749 1490 4808 utitur
