4706 5868
786 650 1027 712 caranocus
1053 651 1428 714 nlentocnarmcus
1455 657 1612 717 unxm.
1665 651 1691 731 J
1759 677 1764 686 ·
1957 659 2001 754 73

395 853 488 906 cem.
501 867 548 886 -
569 829 754 930 Aphn'cae
769 830 920 905 tabulae
939 831 1189 927 Quattuor-
1208 833 1322 930 Asiae
1339 835 1713 916 tabulaeDuodecim
1731 884 1780 902 -··
1794 847 1853 921 Est
1868 867 1907 926 et
1923 877 2001 930 una

281 1031 283 1038 .
393 947 566 1046 corporis
583 946 760 1047 Spherici
778 947 818 1020 in
833 949 947 1048 plano
964 947 1069 1022 iuxta
1088 949 1214 1022 linem.
1229 976 1259 1045 7.
1279 949 1342 1024 lin.
1359 995 1403 1009 -
1417 953 1512 1026 Pars
1531 955 1691 1033 secunda
1709 963 2000 1052 modernioru‘m

390 1064 652 1138 lustrationum
674 1064 808 1162 viginti
826 1064 963 1138 tabulis
985 1065 1104 1138 veluti
1120 1063 1428 1165 supplementum
1445 1071 1640 1168 quoddam
1667 1079 1902 1179 antiquitatis
1931 1091 2007 1162 oh-'

390 1179 544 1264 soletae,
562 1178 628 1253 suo
646 1178 732 1264 loco
748 1206 845 1280 quae
859 1181 919 1254 vel
938 1178 1114 1266 abstrusa,
1133 1183 1195 1256 vel
1214 1209 1375 1260 erronea
1384 1184 1612 1264 videbantur
1629 1193 1885 1276 resolutillime
1903 1232 1996 1304 pan-

391 1294 456 1371 dit.
474 1339 523 1355 -
543 1295 704 1369 Adnexo
721 1294 767 1370 ad
786 1297 900 1371 finem
921 1313 1085 1371 tractatu
1103 1295 1206 1372 llcuti
1230 1300 1331 1375 lectu
1353 1301 1636 1394 iucundiffimo,
1662 1309 1715 1384 ita
1744 1330 1782 1387 et
1803 1317 1995 1396 utilillimo

391 1412 437 1486 de
454 1411 568 1502 variis
587 1411 759 1486 moribus
780 1430 817 1487 et
834 1413 970 1488 ritibus
991 1399 1178 1512 gentium:
1209 1418 1497 1522 eorundemque
1521 1450 1562 1497 ac
1587 1425 1766 1504 localium
1792 1435 1995 1514 nominum

390 1527 611 1628 originibus.
629 1572 677 1587 -
696 1529 830 1603 Brevis
852 1530 1089 1628 continentia
1103 1531 1283 1606 Libri.-

583 1645 755 1747 Oppida,
775 1673 906 1746 regna,
922 1649 1045 1737 lacus,
1060 1666 1232 1738 montes,
1253 1668 1292 1726 et
1311 1679 1496 1756 aequora,
1515 1657 1637 1746 dhas,

674 1763 732 1838 Ac
747 1764 950 1838 hominum
970 1791 1096 1840 mores
1112 1767 1176 1842 hic
1192 1765 1421 1846 Ptolemaeus
1442 1775 1565 1852 hahet.

385 1905 536 1954 -cum
555 1880 675 1978 gratia
690 1896 728 1955 et
746 1880 948 1982 privilegio
970 1884 1159 1983 lmperiali
1188 1913 1259 1986 per
1282 1907 1447 1988 quatuor
1471 1921 1600 1972 annos.
1620 1941 1671 1957 —
1696 1902 1801 1979 Haec
1825 1905 1865 1980 in
1889 1909 1995 1986 fron-

384 2013 422 2072 te
438 2040 489 2054 -
508 1995 570 2072 fol.
588 1998 671 2073 eod.
694 2027 728 2073 2.
753 1999 915 2100 Epistola
932 2001 1034 2078 loon.
1055 2003 1181 2076 Franc.
1201 2001 1285 2078 Pici
1300 2008 1534 2084 lllr'randulae
1553 2017 1704 2093 comitis
1726 2021 1774 2095 ad
1793 2024 1866 2100 Iac.
1884 2029 1998 2102 Ezler

383 2115 418 2192 J.
434 2117 482 2191 D.
500 2159 547 2175 -
567 2117 630 2190 fol.
648 2144 680 2190 2.
704 2117 891 2192 dedicatio
910 2119 955 2192 ad
972 2119 1115 2194 Caesar.
1135 2121 1448 2201 Maxirm'lianum.
1470 2128 1585 2206 fot-1.
1602 2133 1688 2234 fign.
1711 2141 1860 2216 Claudii
1875 2143 1995 2222 Ptolo-

382 2235 484 2306 maei
499 2232 764 2335 Geographiae
782 2234 879 2309 liber
897 2236 1043 2334 primus
1067 2283 1109 2298 -
1125 2237 1190 2311 fol.
1207 2239 1264 2314 60.
1284 2239 1347 2315 lin.
1369 2244 1426 2332 48.
1448 2247 1995 2340 ClaudiPtolomaeiviriAle-

382 2350 558 2423 xandrini
575 2352 841 2452 Geographiae
863 2351 950 2424 libri
973 2368 1060 2426 octo
1086 2355 1223 2428 liniunt
1243 2371 1359 2455 Τελόρ.
1383 2358 1446 2434 fol.
1464 2363 1546 2436 eod.
1569 2364 1603 2439 b.
1623 2367 1812 2470 incipiunt
1830 2379 1993 2476 registra.

381 2465 446 2541 fot.
466 2474 522 2565 74.
545 2470 579 2542 b.
597 2494 677 2542 non
698 2467 784 2566 fign.
800 2467 863 2541 lin.
884 2471 942 2564 57.
964 2470 1079 2542 Anno
1103 2471 1237 2545 Christi
1259 2472 1350 2571 Opt.
1372 2477 1473 2551 Max.
1495 2479 1722 2560 M.D.Xlll.
1751 2491 1885 2565 Marcii
1904 2495 1991 2574 ΧΗ.

383 2583 530 2658 Prellus
553 2585 616 2658 hic
640 2585 868 2676 Btolemaeus
891 2585 1118 2683 Argentinae
1135 2588 1412 2686 vigilantillima
1440 2595 1676 2708 castigatione
1695 2659 1703 2688 ,
1739 2603 1993 2714 industriaque

383 2701 537 2772 Ioanm's
556 2699 697 2774 Schotti
711 2700 817 2774 urhis
839 2701 1049 2802 indigenae.
1078 2705 1274 2803 Regnante
1293 2708 1557 2787 Maxrhrt‘liano
1578 2716 1732 2794 Caesare
1750 2721 1901 2826 semper
1912 2732 1992 2806 Au-

381 2821 494 2914 gusta.
516 2841 562 2873 ὸ
590 2816 654 2890 lol.
674 2819 729 2915 75.
752 2818 901 2893 tabulae
927 2820 1201 2920 geographicae
1222 2823 1357 2922 viginti
1381 2823 1525 2927 septem
1542 2831 1674 2908 -fol
1701 2865 1777 2914 122.
1804 2869 1884 2920 non
1903 2846 1990 2948 fign.

381 2931 515 3033 incipit
533 2929 732 3036 deleriptio
750 2936 925 3011 locorum
944 2963 986 3010 ac
1009 2934 1242 3014 mirabilium
1268 2941 1313 3014 de
1335 2941 1489 3020 locis-ac
1513 2948 1752 3030 mirabilibus
1775 2963 1919 3040 mundi.
1940 3009 1991 3026 -

296 3107 299 3114 .
380 3051 464 3125 finit
484 3066 522 3124 et
541 3049 634 3125 haec
653 3051 716 3125 sol.
741 3051 817 3127 130.
837 3051 901 3126 lin.
920 3053 978 3152 39.
1001 3053 1047 3127 lic
1065 3054 1127 3129 ille
1146 3055 1244 3155 ignis
1261 3058 1456 3157 gehennae
1478 3063 1525 3139 ad
1549 3071 1798 3150 cruciandum
1826 3106 1993 3182 corpora

378 3168 647 3244 damnatorum
662 3169 777 3243 finem
792 3195 991 3272 nunquam
1009 3171 1208 3247 habiturus
1226 3178 1283 3250 est.
1303 3176 1412 3252 Char.
1441 3206 1537 3255 rom.
1557 3188 1686 3284 grand.
1706 3208 1745 3266 et
1762 3191 1903 3294 lplend.
1924 3203 1989 3280 fol.

380 3285 436 3360 60.
453 3285 539 3386 lign.
557 3285 597 3360 in
617 3301 699 3360 toto
724 3287 800 3361 130.
819 3313 907 3361 cum
926 3286 1048 3362 mallis
1068 3289 1340 3389 geographicis.
1357 3293 1419 3368 lin.
1437 3297 1494 3370 66.
1513 3299 1577 3374 fol.
1594 3303 1686 3414 lleg.
1711 3363 1718 3382 .

571 3427 700 3482 famen·
717 3420 823 3480 Annal.
842 3426 975 3500 Typogr.
1003 3426 1074 3484 Τ.6.
1098 3435 1128 3502 p.
1138 3427 1182 3484 60.
1202 3429 1239 3484 N.
1251 3425 1313 3485 285.
1338 3434 1414 3487 Dela
1436 3437 1557 3491 Vattere.
1575 3441 1637 3496 vol.
1655 3445 1682 3502 3.
1706 3464 1735 3518 p.
1755 3463 1800 3504 ao.
1828 3453 1986 3514 editionem

666 3515 752 3570 huius
768 3516 998 3590 praestantillimi
1015 3519 1111 3593 operis
1127 3517 1162 3574 ab
1180 3523 1264 3575 Anno
1283 3517 1361 3594 1482.
1378 3525 1410 3578 in
1428 3527 1539 3581 volum.
1559 3550 1583 3584 ι.
1601 3535 1659 3587 mei
1677 3533 1812 3615 Catalogi
1830 3545 1879 3600 sub
1891 3549 1928 3603 N.
1941 3552 1985 3614 32.
2091 3597 2092 3600 ,

667 3609 727 3662 iarn
743 3606 882 3672 exhibui,
899 3610 948 3662 cui
967 3624 1063 3665 tamen
1079 3609 1151 3666 haec
1164 3609 1202 3667 ob
1210 3613 1411 3687 praestantiam
1431 3615 1620 3688 characteris,
1639 3622 1820 3700 tabularum,
1835 3637 1986 3696 etchflrtae

664 3697 752 3774 long·
767 3699 954 3774 pracferenda
971 3699 1025 3767 est}
1045 3701 1078 3755 iu
1090 3702 1223 3758 Fabricii
1231 3701 1414 3760 Bibliotheca
1429 3725 1532 3780 grecas
1550 3729 1618 3770 cum
1626 3717 1761 3795 Harlesii
1769 3723 1829 3782 vol.
1839 3727 1866 3783 5.
1883 3749 1912 3805 p.
1922 3743 1984 3808 274.

665 3809 762 3850 omncs
777 3792 987 3868 propemodum
1005 3791 1093 3850 huius
1112 3794 1206 3870 operis
1222 3793 1361 3854 editiones
1378 3800 1566 3860 :scemenum

1047 3957 1100 4033 M.
1131 3961 1179 4034 D.
1204 3961 1311 4038 XIV.

470 4093 996 4192 212.-Erasmilloterodami
1008 4095 1053 4172 de
1065 4097 1212 4175 ratione
1230 4100 1358 4190 studii,
1379 4131 1421 4177 ac
1443 4107 1611 4207 legendi,
1627 4112 1980 4230 interpretandique

374 4225 547 4286 auctores
563 4211 712 4286 libellus
730 4212 1117 4288 aureus-Officium
1136 4216 1407 4320 discipulorum
1426 4251 1471 4297 ex
1486 4226 1734 4322 Quintiliano.
1758 4238 1834 4334 Qui
1852 4244 1980 4342 primo

373 4327 540 4426 legendi,
559 4355 606 4402 ex
622 4329 964 4404 eodem-Concio
977 4331 1023 4405 de
1036 4359 1160 4433 puero
1174 4335 1251 4431 leste
1264 4335 1303 4408 in
1313 4337 1452 4414 Schola
1460 4342 1804 4428 ColeticaLondr'ni
1817 4357 1981 4439 instituta

371 4445 658 4542 pronuncianda
678 4488 725 4502 -
743 4448 1000 4546 Expostulatio
1023 4445 1100 4544 lrfir
1119 4450 1165 4523 ad
1185 4454 1364 4544 mortales
1382 4497 1431 4514 -
1456 4457 1634 4540 Carmina
1651 4467 1847 4550 Scholaria
1860 4489 1905 4538 ³-
1921 4484 1979 4556 Ex

313 4633 320 4638 .
370 4562 635 4660 recognitione
666 4565 836 4642 Autaris.
876 4567 968 4640 dum
1007 4565 1135 4640 Mense
1173 4570 1340 4668 Augusto
1376 4575 1601 4672 Argantr‘naa
1635 4585 1815 4686 degeret,
1862 4597 1981 4671 Anno
2054 4645 2059 4650 -

370 4680 583 4755 M.D.XlV.
598 4680 667 4756 lol.
685 4681 769 4756 eod.
785 4683 820 4756 b.
841 4683 1016 4758 Eiusdem
1036 4684 1200 4785 Epistola
1216 4687 1262 4760 ad
1284 4687 1426 4766 Petrum
1441 4695 1617 4774 Viterzirm.
1629 4741 1675 4762 -
1694 4704 1757 4779 fol.
1774 4709 1830 4782 23.
1862 4713 1896 4787 b.
1915 4711 1976 4788 lin.

374 4800 427 4870 15.
450 4798 545 4872 linis.
575 4799 813 4900 Argentorati
837 4827 883 4880 ex
910 4801 1067 4880 aedibus
1098 4803 1266 4886 Martiae
1296 4808 1482 4887 deaurent·
1505 4817 1631 4892 mense
1664 4821 1832 4920 Augullo
1861 4830 1978 4904 Anno

368 4947 373 4954 ·
426 4916 502 4990 Vol.
519 4917 569 4991 II.
1653 4935 1689 5007 K
