4696 5860
756 619 997 684 caranocus
1023 623 1398 686 nrauocnarmcus
1424 623 1548 688 mutu.
1903 614 1946 688 13

346 815 477 877 mento
493 798 718 874 Benevenutr‘
730 795 920 896 Imokrfi's
941 799 1014 874 viri
1039 799 1238 875 elarillimi.
1250 845 1297 860 -
1315 803 1419 875 Haec
1439 803 1479 874 in
1500 801 1627 874 fronte
1647 803 1707 874 fol.
1725 829 1758 877 a.
1782 805 1862 898 yita
1880 803 1947 878 Po-

338 918 511 992 trarchae
533 943 605 1016 per
630 916 889 1014 Hieronymum
915 913 1183 1017 Squorzqficum
1209 918 1502 990 Alexandrinum
1533 917 1740 1014 compotita
1755 963 1804 978 -
1831 921 1895 996 fol.
1912 925 1946 996 5.
2025 964 2028 971 1

343 1033 560 1135 Epistolaria
582 1028 769 1132 praefatio
782 1069 828 1138 .‘'''
846 1030 934 1104 dein
951 1056 1070 1132 opera
1083 1031 1302 1106 Petrarchae
1313 1031 1459 1108 -finit
1470 1033 1546 1110 soll.
1566 1038 1648 1134 492.
1669 1034 1732 1116 lin.
1746 1061 1778 1130 7.
1789 1036 1947 1136 impres-

342 1151 425 1230 sum
449 1150 608 1226 Veneriis
624 1173 695 1248 per
712 1147 893 1222 Simonem
909 1145 1123 1250 Papr'enfim
1135 1149 1279 1225 dictum
1292 1149 1525 1252 an'laquam
1542 1149 1656 1224 Anno
1666 1148 1826 1226 Domini
1843 1155 1945 1230 1503.

344 1266 405 1342 die
423 1291 518 1344 vero
543 1264 766 1341 15.Ju1ii-
791 1263 974 1364 Sequitur
991 1291 1112 1366 porro
1130 1265 1354 1342 Bucolicum
1380 1267 1544 1342 Carmen
1561 1267 1601 1344 in
1620 1265 1824 1344 duodecim
1843 1271 1943 1370 eglo-

341 1409 408 1482 gae
423 1382 637 1459 distinctum
661 1407 750 1456 cum
775 1387 994 1458 commento
1016 1379 1443 1482 Benevenutiimolenszi
1462 1383 1535 1462 viri
1560 1379 1745 1461 clarillimi
1771 1425 1822 1443 -·
1839 1385 1884 1460 ad
1904 1387 1947 1460 li·

232 1521 235 1527 ·
342 1525 435 1576 nem
451 1499 515 1576 fol.
532 1499 590 1576 32.
609 1498 674 1572 lin.
694 1498 753 1588 46.
772 1496 992 1574 Petrarchae
1009 1500 1189 1575 Laureati
1209 1498 1350 1576 Poetae
1369 1499 1436 1576 sub
1455 1499 1629 1576 bucolico
1643 1500 1810 1579 carmine
1824 1503 1945 1578 recol·

342 1615 515 1694 lectionis
534 1615 599 1692 tuh
617 1617 702 1714 viro
723 1615 941 1694 venerando
961 1616 1137 1716 Magistro
1157 1616 1385 1694 Benevenuto
1408 1616 1455 1690 de
1477 1618 1604 1693 Ymola
1623 1617 1846 1702 recollectae
1864 1618 1944 1694 feli-

339 1733 440 1812 citer
466 1731 675 1832 expliciunt
699 1758 770 1833 per
796 1759 858 1808 me
883 1733 1045 1810 Marcum
1064 1733 1254 1832 Hon'gono
1279 1734 1326 1807 de
1350 1735 1480 1812 Venet.
1511 1733 1632 1814 Annis
1659 1731 1708 1808 1).
1728 1734 1842 1813 nostri
1858 1734 1948 1812 selu

344 1847 479 1924 Christi
497 1847 717 1924 amentibus
734 1847 1038 1928 mccccxvt
1058 1850 1119 1928 die
1138 1851 1199 1950 vij.
1214 1849 1317 1928 Julii.
1337 1849 1449 1926 Char.
1469 1875 1565 1927 rom.
1584 1849 1724 1952 splend.
1739 1849 1809 1956 litt.
1830 1877 1946 1956 marg.

343 1964 422 2042 foll.
441 1965 524 2041 532.
541 1991 622 2041 non
643 1965 730 2064 sign.
749 1967 807 2040 lin
818 1967 877 2044 62.
893 1966 919 2044 f.
1156 1997 1158 2002 ·

388 2143 391 2148 -
532 2103 664 2160 raum·
677 2103 784 2162 Δηώ.
802 2105 934 2182 Typogr.
954 2106 989 2162 Τ.
998 2100 1027 2162 8.
1044 2125 1074 2180 p.
1086 2099 1149 2164 358.
1169 2125 1197 2162 n.
1208 2104 1271 2186 769·
1294 2105 1392 2184 Μαίη.
1403 2103 1466 2166 Ind-
1477 2107 1516 2166 ΙΙ.
1536 2125 1565 2182 p·
1577 2105 1637 2170 ,136-
1726 2151 1732 2162 ·
1776 2057 1780 2064 ²

439 2268 715 2369 30.-M1ffile
728 2272 932 2349 secundum
943 2273 1118 2349 ordinem
1131 2273 1446 2356 Carthulienlrum
1456 2300 1544 2349 cum
1560 2274 1723 2374 imagine
1736 2275 1774 2347 8.
1792 2271 1946 2370 Christo-

337 2387 453 2488 phon'
465 2389 568 2488 ligno
580 2389 692 2464 incisa
705 2389 746 2463 in
757 2391 894 2465 fronte.
905 2433 956 2450 -
973 2389 1036 2465 iol.
1052 2420 1081 2466 1.
1091 2393 1127 2466 b.
1141 2391 1310 2492 sequitur
1321 2389 1589 2466 calendarium
1600 2389 1735 2465 litteris
1748 2381 1884 2468 rubris.
1894 2431 1952 2468 -.

343 2505 405 2579 tol.
430 2507 484 2581 13.
502 2507 538 2581 b.
557 2507 795 2588 Exorcismua
820 2507 900 2582 salia
920 2524 958 2582 et
974 2507 1094 2610 aquae
1112 2553 1158 2572 -
1181 2506 1269 2582 dein
1288 2505 1351 2580 fol.
1375 2532 1404 2579 1.
1420 2505 1507 2603 [ign.
1529 2503 1670 2580 Millale
1688 2501 1811 2603 ipsum
1831 2545 1882 2562 ·-
1898 2505 1944 2584 ad

341 2623 458 2698 finem
476 2623 539 2696 iol.
563 2630 640 2720 ¹94·
661 2623 723 2695 lin.
747 2648 805 2696 20.
831 2624 997 2724 Explicit
1022 2623 1164 2700 Millale
1193 2621 1397 2698 secrmdum
1421 2619 1599 2698 ordinem
1625 2619 1944 2700 'carthusrenfium

257 2833 268 2842 ἱ
342 2736 560 2838 imprellum
587 2737 627 2810 in
652 2738 880 2813 Monallerio
909 2740 1125 2816 Carthufiae
1141 2738 1331 2838 finanm
1362 2739 1576 2837 dilligenter
1603 2737 1848 2816 emendatum
1873 2765 1944 2840 per

341 2854 553 2930 Monachus
578 2854 749 2930 eiusdem
771 2854 933 2932 Domus.
959 2857 1155 2956 Regnante
1180 2851 1498 2932 Excellentissimo
1524 2855 1573 2930 D.
1590 2854 1639 2930 D.
1656 2853 1765 2932 Duce
1787 2855 1943 2934 furcule

344 2955 487 3048 Estenli.
514 2974 628 3048 Anno
640 2973 878 3049 aNativitate
889 2975 1048 3049 Domini
1060 2974 1355 3049 Mccccclno·
1364 2971 1439 3050 Die
1449 2973 1498 3050 X.
1515 2972 1660 3074 Aprilis
1675 2973 1698 3048 f.
1711 2972 1824 3050 Char.
1834 2973 1939 3072 goth.

342 3090 471 3190 grand.
486 3089 633 3166 litterae
653 3089 733 3165 init.
750 3090 885 3166 incisae
902 3117 991 3168 cum
1008 3091 1136 3193 Epigr.
1154 3092 1230 3168 foll.
1255 3099 1333 3191 ¹94·
1356 3091 1493 3190 signata
1513 3091 1577 3166 lin.
1596 3091 1655 3179 34.
1675 3089 1700 3164 f.

534 3227 800 3286 Praellmtill'unam
820 3229 896 3287 hano
916 3221 1083 3287 editionem
1097 3229 1185 3288 huius
1207 3229 1329 3287 Midili·
1351 3231 1518 3306 praesertim
1536 3221 1632 3304 quoad
1647 3225 1823 3284 venustatem
1842 3227 1936 3284 Nota-

626 3341 693 3378 rum
706 3323 883 3380 mulicalium
900 3322 1008 3384 nullibi
1017 3325 1179 3385 recentiam
1196 3324 1327 3382 invenio.

435 3508 803 3610 dn-Sacratffmi
816 3530 853 3586 et
866 3509 1572 3612 rirvz'ctffmiRomanorumlmperatonir
1585 3505 1761 3598 I‘lziierrii
1775 3497 1882 3578 tercii
1893 3529 1936 3579 ao
2029 3501 2031 3508 ’

336 3625 572 3702 conthoralis
584 3627 695 3728 ipfiua
705 3629 868 3705 honore
877 3629 1109 3734 desponsatio
1121 3655 1164 3704 ac
1173 3629 1341 3730 ipsorum
1352 3623 1558 3698 coronatio.
1572 3622 1769 3721 Simulque
1777 3620 1943 3695 serenis·-

340 3743 421 3818 limi
439 3759 476 3818 et
489 3744 714 3819 invictillimi
724 3747 883 3823 Domini
891 3748 1051 3822 Domini
1060 3743 1591 3822 illuxrim'lrimiRomanorum
1599 3739 1698 3837 regis
1707 3737 1855 3838 semper
1864 3738 1945 3810 Au·-

338 3861 430 3958 gusti
450 3888 493 3934 ac
511 3859 574 3934 lue
593 3887 771 3958 germane
788 3859 1283 3962 Kumgundr'sgloriollllima
1299 3857 1504 3958 generatio.
1516 3900 1567 3915 -
1580 3857 1685 3930 llaec
1702 3855 1743 3927 in
1754 3855 1881 3926 fronte
1893 3893 1941 3914 -

342 3973 404 4046 fol.
417 4000 450 4046 a.
464 3974 626 4072 Epistola
642 3977 759 4048 Nicol.
779 3978 953 4078 Episcopi
962 3977 1141 4079 Ypponei
1156 3977 1202 4052 ad
1210 3976 1509 4051 Mammilrimum
1520 3979 1801 4072 Imperatorum
1816 4009 1865 4028 -·
1876 3968 1939 4041 tot.

342 4090 375 4163 3.
384 4089 418 4164 b.
429 4088 591 4163 Historia
600 4107 639 4164 et
648 4090 848 4192 descriptio
861 4136 902 4151 —
916 4095 992 4170 loll.
1004 4095 1062 4170 33.
1074 4093 1136 4168 lin.
1148 4123 1179 4192 7.
1190 4093 1235 4168 de
1246 4092 1389 4192 nuptiis
1398 4089 1626 4166 invictillimi
1635 4086 1941 4185 Fnilen'cilmpe-

345 4205 482 4282 ratoris
503 4206 609 4284 tercii
629 4233 672 4286 oc
689 4209 829 4286 Lenore
843 4213 976 4310 uxoris
992 4213 1116 4312 deque
1135 4211 1345 4286 eorundem
1361 4207 1609 4291 coronatione
1621 4231 1663 4278 ac
1674 4203 1830 4303 prolum
1849 4227 1941 4301 pro-

344 4322 546 4424 pagatione
563 4352 584 4398 a
600 4325 921 4404 Reverendillimo
939 4327 1095 4406 domino
1110 4328 1265 4402 Nr'colao
1282 4323 1467 4425 Episcopo
1478 4319 1696 4422 Ypponenll
1714 4318 1941 4419 compilatus

347 4439 493 4514 libellus
518 4439 678 4517 feliciter
695 4442 787 4517 linit.
807 4443 980 4544 impenlla
1005 4443 1156 4546 providi
1175 4443 1248 4518 viri
1266 4441 1399 4518 Jacobi
1418 4439 1573 4516 Wacler
1585 4435 1630 4513 de
1650 4435 1851 4534 salzburgo
1868 4433 1943 4508 Au·-
1979 4449 1984 4454 ‘

344 4553 446 4658 gusto
467 4557 662 4658 impressus
683 4560 798 4636 Anno
824 4561 969 4638 domini
988 4563 1176 4637 M.D.111.
1197 4563 1315 4637 Sexto
1334 4557 1431 4633 ldiea
1449 4555 1685 4634 Decembris.
1705 4553 1817 4629 Char.
1838 4551 1943 4652 goth.

349 4675 428 4779 fol.¹
448 4675 505 4752 33.
526 4701 605 4750 non
617 4677 703 4778 agn.
719 4678 781 4754 nn.
799 4679 856 4755 30.
874 4686 907 4769 4.
1092 4657 1097 4674 “

542 4817 671 4875 Ραιιιενί
685 4819 791 4876 Annal.
809 4821 940 4896 Typogr.
954 4821 988 4878 Τ.
1000 4818 1026 4878 6.
1046 4839 1076 4897 p.
1095 4819 1154 4878 233.
1175 4817 1213 4877 N.
1228 4813 1274 4876 ιθ.
1291 4815 1378 4894 laps
1386 4811 1554 4890 ingeburgi
1569 4803 1937 4884 Buchdrucltergelchiclita
