4706 5868
764 645 1004 730 carnosus
1030 617 1405 702 nnsnoonarfflcus
1431 645 1571 701 nnxr.
1912 634 1961 731 89

358 829 611 906 verifimititer
630 827 736 924 XV.)
748 824 811 897 fol.
829 826 887 920 67.
902 824 938 898 b.
958 823 1020 896 lin.
1038 824 1091 896 16.
1109 823 1348 921 Argentorati
1359 849 1405 898 ex
1417 823 1571 898 aedibus
1584 823 1835 898 Schurrn‘ams
1853 851 1966 908 men-¹

358 947 394 1024 se
411 945 573 1024 Octobri
592 944 707 1017 Anno
727 970 749 1016 a
768 941 913 1016 Christo
935 956 1027 1014 nato
1046 941 1157 1012 MD.
1169 941 1250 1014 XV.
1279 966 1383 1039 regn.
1410 944 1547 1039 lmper.
1573 941 1673 1015 Caes.
1692 941 1957 1020 tllaximils‘ano

358 1066 424 1164 pio
443 1063 568 1138 foelici
592 1063 639 1136 A.
657 1064 698 1135 V.
719 1062 765 1133 G.
783 1059 895 1134 Char.
927 1058 988 1132 lat.
1006 1057 1135 1155 grand.
1161 1055 1238 1131 foll.
1256 1057 1343 1156 sign.
1360 1059 1418 1154 67.
1444 1058 1484 1130 in
1499 1073 1582 1132 toto
1597 1057 1654 1131 85.
1672 1059 1736 1132 lin.
1756 1061 1814 1149 34
1841 1068 1876 1149 4.
1893 1064 1956 1136 Ex

341 1177 819 1280 *collecttbneHerbiztbnn
1006 1186 1015 1206 ⁸

550 1317 678 1374 Panzerc'
696 1313 801 1370 Annsl.
823 1314 954 1388 Typogr.
975 1311 1010 1366 T.
1021 1311 1047 1367 6.
1069 1331 1099 1387 p.
1110 1313 1156 1387 75.
1177 1311 1216 1368 N.
1226 1323 1291 1384 402.

453 1527 593 1600 260.-
613 1524 752 1598 Fratris
776 1521 880 1596 Petri
902 1520 1096 1596 Berchorii
1110 1519 1370 1596 Pictavienfis:
1395 1512 1539 1598 ordinis
1558 1523 1635 1598 divi
1652 1521 1774 1600 Patris
1799 1525 1962 1608 Benedi-

358 1645 427 1732 cti:
448 1643 662 1716 divinarum
681 1641 893 1716 litterarum
914 1637 1173 1714 studiollllimi:
1191 1639 1329 1711 morale
1343 1641 1595 1714 reductorum:
1613 1639 1726 1741 lupra
1737 1658 1857 1718 totam
1870 1644 1959 1716 Bib-

348 1761 447 1834 liam
483 1775 647 1860 quatuor
684 1773 722 1832 et
748 1756 904 1858 triginta
932 1753 1038 1829 libris
1077 1753 1400 1834 consummatum:
1432 1756 1701 1859 fingularisque
1730 1755 1960 1859 (secundum

356 1878 537 1952 materiae
555 1875 801 1974 exigentiam)
819 1872 1005 1974 capitibus
1023 1871 1206 1972 aptiffime
1225 1871 1458 1948 distinctum:
1475 1875 1541 1950 ubi
1558 1876 1832 1952 notabiliorum
1848 1877 1960 1954 histo-

355 1991 502 2067 riarum
521 2019 562 2067 ac
578 1994 802 2092 figurarum:
821 1990 962 2064 veteris
981 2005 1021 2064 et
1037 1989 1129 2062 novi
1146 1995 1474 2070 testamentorum:
1495 1992 1693 2091 praemilla
1709 1995 1957 2095 compendio-

357 2109 395 2184 la
414 2109 580 2184 textibus
599 2109 754 2183 summa.
779 2105 1041 2205 Tropologica
1058 2107 1121 2180 seu
1146 2107 1368 2204 allegorica,
1398 2123 1512 2208 atque
1525 2135 1803 2211 nonnunquam
1820 2139 1959 2212 anago-
1983 2202 1989 2212 ι

283 2307 286 2314 ,
354 2228 437 2325 gica
452 2225 687 2300 subnectitur
704 2223 932 2323 explanatio.
959 2221 1125 2320 Adjectis
1145 2223 1290 2297 Bibliae
1316 2225 1599 2300 concordantiis
1617 2228 1732 2303 Anno
1754 2231 1806 2304 M.
1819 2231 1866 2306 D.
1878 2231 1960 2308 XV.

357 2343 497 2443 infigne
514 2359 665 2444 typogr.
687 2357 727 2414 et
741 2339 839 2414 infra
857 2339 1105 2413 directorium
1113 2339 1407 2438 praecipuarum
1423 2340 1691 2416 sententiarum
1713 2362 1819 2420 certo
1837 2347 1961 2424 indice
1976 2357 1978 2361 ’

358 2461 404 2534 de
423 2486 528 2534 novo
549 2473 840 2532 contextum-
859 2457 964 2529 Haec
986 2454 1026 2528 in
1048 2455 1177 2528 fronte
1199 2481 1287 2530 cum
1316 2455 1442 2556 infigo.
1463 2473 1614 2556 typogr.
1633 2502 1682 2517 —
1702 2461 1768 2535 fot.
1789 2489 1871 2536 221.
1893 2465 1958 2552 lin.

356 2577 413 2650 23.
431 2571 734 2649 consummatum
751 2576 799 2675 est
815 2573 891 2645 hoc
917 2570 1091 2670 praesens
1116 2570 1441 2650 moralisationum
1466 2573 1729 2655 seductorium
1756 2576 1869 2677 super
1896 2598 1957 2655 10.

355 2710 435 2768 tam
451 2691 607 2768 bibliam
624 2706 752 2764 etc-
775 2689 815 2763 in
835 2689 992 2763 officina
1018 2686 1171 2762 libraria
1197 2688 1304 2760 Adae
1318 2689 1421 2762 Petri
1435 2688 1481 2764 de
1511 2693 1819 2792 Langendorff-
1844 2698 1959 2773 Anno

355 2810 449 2909 legis
476 2808 617 2908 gratiae
644 2807 827 2881 mileltmo
846 2805 1146 2906 quingentesimo
1175 2805 1324 2880 decimo
1343 2807 1476 2908 quinto
1495 2807 1624 2884 Mense
1651 2810 1786 2910 quinto
1805 2813 1961 2916 Augusti

355 2927 418 3002 die
431 2925 607 3001 vicellmo
626 2925 811 3026 primo-
831 2923 998 3024 sequitur
1015 2922 1210 2996 folliorum
1227 2923 1499 2997 ordinarius-
1521 2943 1559 3002 et
1573 2925 1776 3005 summaria
1796 2931 1960 3010 declara·

354 3045 411 3118 tio
436 3045 567 3118 Bullae
595 3039 917 3141 indulgentiarum
941 3038 1134 3118 occafione
1162 3039 1415 3138 expeditionis
1440 3059 1573 3118 contra
1599 3043 1744 3122 Turcas
1767 3048 1959 3128 instituen-
2049 3123 2053 3128 ,
2085 3073 2091 3083 ’

356 3161 483 3237 dae-2
501 3161 616 3236 Char.
624 3157 727 3258 goth.
750 3157 849 3258 gloll'.
870 3183 987 3258 marg.
1009 3157 1088 3248 loll.
1111 3183 1192 3230 221.
1211 3157 1298 3256 [ign.
1312 3158 1351 3234 in
1372 3175 1456 3234 toto
1475 3161 1556 3251 246.
1576 3163 1640 3238 lin.
1659 3165 1715 3240 58.
1743 3166 1767 3238 f.

546 3299 675 3408 ramere
694 3297 800 3356 annu.
821 3297 952 3372 sypogr.
974 3296 1097 3354 roms.
1114 3299 1218 3372 p.295.
1239 3297 1354 3354 11111.
1454 3285 1456 3294 ’

452 3509 594 3582 261.-
609 3509 758 3581 Senan'i
771 3507 991 3578 Graecam'cz'
1003 3505 1212 3604 Quingenti
1234 3521 1272 3580 et
1297 3531 1344 3580 eo
1362 3505 1523 3606 amplius
1539 3507 1652 3594 verli,
1676 3510 1808 3610 finguli
1831 3541 1957 3592 mora-

287 3646 292 3720 2
357 3626 432 3700 lem
452 3623 644 3724 quandam
658 3621 900 3707 sententiam,
920 3638 985 3696 aut
1000 3637 1138 3724 typum
1156 3621 1439 3720 proverbialem
1448 3623 1762 3722 praeseferentes,
1785 3631 1959 3708 Othmaro

356 3741 565 3840 Nachtgall
577 3740 809 3838 ArgentinO,
826 3739 1146 3840 Metaphraste.-
1165 3738 1325 3812 Ioannes
1349 3736 1560 3813 Knoblouck
1584 3743 1686 3816 notis
1709 3747 1830 3820 aereis
1850 3775 1958 3822 exce-

355 3857 416 3955 pit
434 3859 695 3955 Argentorac'z':
709 3899 760 3914 -
776 3855 880 3931 Haec
905 3853 943 3929 in
969 3838 1096 3930 lronte
1119 3853 1188 3927 litt.
1209 3850 1464 3954 rubro-nigris
1480 3899 1529 3916 -
1554 3860 1617 3933 tot.
1640 3859 1722 3935 eod.
1743 3863 1778 3936 b.
1796 3865 1959 3963 Epistola

362 3971 744 4070 Othmarz'Nachtgall
757 3971 801 4044 ad
820 3971 936 4046 Nicol.
964 3971 1199 4068 Wutmsemm
1221 4013 1266 4042 ·.-
1283 3969 1487 4072 lubscripta
1510 3977 1738 4073 Argentinae
1763 4006 1851 4056 non.
1877 3985 1957 4058 Au-

355 4088 448 4186 gusti
467 4087 602 4188 quinto
622 4087 770 4162 decimo
786 4086 910 4186 ,supra
937 4087 1231 4164 milefimum.-
1246 4088 1310 4164 tol.
1325 4091 1383 4163 26.
1406 4089 1469 4163 lin.
1481 4089 1538 4166 35.
1555 4093 1649 4167 finis.
1670 4095 1782 4172 Char.-
1800 4099 1860 4174 lat.
1879 4101 1956 4176 soll.

363 4207 413 4282 26
427 4205 609 4306 nonstgn.
627 4205 691 4280 lin.
711 4231 769 4304 27.
790 4221 917 4282 textus
934 4207 1058 4304 graeci
1079 4223 1118 4281 et
1137 4208 1197 4282 lat.
1224 4213 1258 4298 4.

547 4346 676 4404 nmen·
684 4327 796 4404 'annm
813 4345 944 4418 Typogr.
963 4347 997 4400 Τ.
1015 4343 1042 4401 6.
1062 4365 1089 4420 p.
1100 4357 1137 4420 7²
1150 4342 1193 4400 N.
1211 4347 1274 4420 ³75.
1293 4347 1394 4401 Matre.
1414 4345 1448 4400 Τ.
1459 4362 1485 4401 a.
1507 4366 1535 4421 p.
1553 4348 1615 4424 269.

449 4554 535 4628 262.
547 4595 597 4612 --
607 4553 736 4628 Brevis
752 4569 790 4628 et
802 4552 1030 4650 magzytmlis
1045 4526 1243 4652 explicatio
1258 4552 1383 4630 missae
1403 4571 1440 4630 et
1449 4558 1622 4632 omnium
1638 4587 1736 4661 quae
1755 4564 1793 4638 in
1803 4593 1847 4640 ea
1860 4569 1955 4641 fiunt

353 4671 514 4749 Domini
540 4675 710 4772 Hugomlr
731 4671 950 4748 Cardinalis'
965 4671 1184 4771 imprellum
1211 4671 1449 4772 Oppendeym.
1470 4717 1513 4734 ·-
1534 4675 1640 4750 Haec
1667 4675 1705 4752 in
1723 4681 1848 4758 fronte
1868 4711 1954 4758 cum

356 4789 719 4982 imilglniscmdffi'
743 4789 872 4866 -fot
898 4789 953 4868 15.
975 4789 1011 4868 b.
1030 4787 1093 4865 lin.
1118 4815 1171 4866 12.
1199 4787 1351 4869 finitum
1374 4791 1527 4898 noviter
1550 4795 1794 4874 emendatum
1816 4827 1859 4878 ac
1885 4802 1954 4875 im-

437 4936 483 4984 ο.
544 4965 552 4986 .
1623 4913 1665 4984 M
