4694 5878
679 675 919 736 caranoous
944 671 1318 731 rnuoonaemcus
1344 671 1581 734 ucoccxcv.
1895 647 1969 763 '193

355 857 490 959 jellatis
509 853 747 958 impressum:
765 853 849 928 linit
865 817 1025 930 solicite}
1038 848 1184 924 scutum
1204 850 1355 922 Brantii
1370 875 1458 924 cum
1487 811 1739 951 inscriptione·
1762 853 1858 927 nihil
1888 854 1962 930 fine

358 958 473 1054 causa.
507 977 623 1050 Anno
646 973 749 1070 1495.
772 969 874 1046 Char
906 969 1007 1044 latin.
1042 994 1112 1068 per
1135 983 1262 1042 totum
1279 965 1504 1066 splendidus.
1528 993 1616 1041 cum
1635 967 1726 1067 sign,
1754 987 1793 1046 et
1815 971 1964 1048 tabellis

360 1094 463 1194 ligno
481 1092 602 1167 incilia
622 1090 698 1166 loll.
722 1087 1002 1188 159.n0nfign.
1021 1086 1084 1159 lin.
1110 1086 1168 1160 28.
1187 1091 1220 1173 4.

549 1233 714 1287 Panzemas
731 1229 766 1286 T.
786 1247 811 1282 r.
829 1248 856 1303 p.
878 1244 938 1302 ¹79·
963 1227 1003 1287 N.
1022 1225 1083 1300 195.
1101 1224 1158 1279 hoo
1184 1241 1255 1298 opus
1272 1219 1536 1297 praestantissimum
1566 1222 1683 1298 quidam
1711 1226 1846 1285 recenset.
1873 1229 1967 1285 Prone

644 1319 720 1377 mibi
735 1319 852 1376 videtur
870 1317 945 1374 illud
962 1335 1022 1372 non
1042 1333 1108 1372 anre
1122 1314 1237 1370 occulos
1254 1311 1369 1380 habuit,
1386 1335 1454 1372 nam
1473 1318 1505 1371 in
1521 1334 1585 1372 meo
1609 1317 1769 1393 exemplari
1786 1319 1821 1374 do
1849 1322 1965 1396 origine

647 1429 675 1469 et
692 1411 911 1469 conversatione
927 1413 1001 1479 (non
1021 1408 1253 1478 conservatione)
1269 1405 1414 1462 bonorum
1431 1427 1531 1482 rogum
1547 1421 1695 1466 tractatur.

992 1573 1343 1684 dccccxcvi

452 1719 535 1817 619.
551 1716 790 1791 lombardiae
808 1714 970 1788 Historia
988 1739 1063 1813 que
1082 1741 1103 1788 a
1126 1712 1318 1812 plerisque
1328 1711 1456 1798 Aurea
1473 1711 1652 1822 Legenda
1672 1714 1887 1794 sanctorum
1905 1745 1969 1821 ap-

362 1835 706 1938 pellatur-Haec
726 1832 765 1907 in
785 1830 1046 1907 fronte-sol.
1073 1828 1315 1931 1.--Sequit.
1336 1828 1401 1902 sol.
1425 1855 1458 1904 2.
1479 1829 1627 1905 Tabula
1652 1830 1899 1930 legendarum
1918 1881 1967 1897 -

357 1953 422 2027 sol.
439 1959 492 2044 14.
512 1951 646 2053 incipit
654 1949 834 2052 Legenda
844 1950 1084 2025 Sanctorum.
1095 1947 1158 2023 sol.
1167 1973 1249 2044 229.
1265 1947 1328 2022 lin.
1344 1948 1396 2020 15.
1406 1946 1560 2048 explicit
1570 1949 1969 2048 legendalombardica
2014 1937 2018 1944 ¹

354 2070 538 2145 Jacobide
553 2071 734 2170 Veragrire
744 2067 888 2143 ordinis
899 2065 1207 2166 praedicatorum
1214 2064 1387 2166 Episcopi
1404 2066 1600 2142 Januenfir
1608 2067 1783 2168 impressa
1794 2070 1967 2169 Argenti-

355 2213 402 2262 ne
412 2188 525 2262 Anno
543 2185 704 2263 Domini
724 2185 1041 2260 MCCCCXCVI.
1058 2181 1165 2256 finita
1182 2181 1281 2258 circa
1296 2181 1428 2256 sellum
1445 2181 1667 2259 alcenslonis
1683 2185 1962 2274 Domini-[9.

356 2321 527 2406 quuntur
536 2303 745 2380 additiones
755 2302 995 2377 continuatae
1005 2327 1127 2401 usque
1137 2298 1183 2374 ad
1193 2299 1257 2373 sol.
1269 2299 1351 2375 263.
1361 2299 1426 2373 ubi
1436 2299 1566 2400 lin.29.
1577 2302 1784 2403 expliciunt
1793 2333 1965 2406 quorun-

357 2421 444 2496 dam
457 2421 673 2496 sanctorum
689 2420 845 2518 legende
862 2419 1123 2518 adjunctepoll
1139 2416 1412 2492 lombardicam
1422 2415 1623 2494 historiam
1640 2420 1966 2522 imprelscArgen·

354 2539 551 2610 trizeAnno
562 2538 638 2610 Dni
650 2535 1081 2610 MCCCCXCVl.linita
1090 2534 1189 2609 circa
1199 2534 1329 2608 sellum
1338 2531 1557 2610 ascensionis
1566 2535 1722 2612 domini.
1734 2538 1844 2613 Char.
1855 2542 1959 2638 goth.

357 2679 445 2728 cum
464 2653 550 2754 figo.
570 2653 697 2753 Epigr.
714 2652 791 2725 soll.
811 2653 893 2726 263.
909 2678 989 2726 non
1008 2677 1112 2726 num.
1131 2651 1195 2724 lin.
1216 2653 1274 2740 46.
1295 2652 1318 2726 s.
1580 2693 1581 2702 κ

551 2779 680 2849 aanor
692 2785 799 2846 annu.
818 2792 951 2866 rypogr.
971 2791 1007 2846 r.
1020 2791 1050 2862 4.
1068 2791 1173 2866 para.
1193 2788 1344 2845 naono.

989 2957 1327 3033 MCCCCXCVll.

451 3096 1109 3195 620.-Abhonsmicompunniom's
1131 3096 1407 3195 Theologicales
1416 3097 1634 3200 Ilr'eronyms
1641 3101 1813 3200 Baldung
1824 3107 1965 3184 artium

358 3233 395 3290 ct
418 3215 696 3290 medicinarum
713 3212 881 3288 doctoris
898 3230 968 3288 etc.
990 3214 1037 3288 ad
1057 3213 1410 3290 reverendissimum
1434 3215 1473 3288 in
1491 3215 1636 3291 Christo
1655 3218 1809 3294 Patrem
1836 3241 1873 3297 et
1899 3225 1965 3299 do-

356 3333 526 3408 minum:
543 3333 635 3414 dum
654 3333 870 3406 Fridcricum
888 3330 1079 3431 presulem
1105 3329 1369 3428 Augustenfim.
1390 3373 1430 3390 -
1452 3332 1555 3405 Haec
1575 3332 1614 3405 in
1635 3334 1826 3410 fronte-
1848 3341 1911 3415 sol.
1939 3371 1967 3415 1.

354 3451 389 3524 b.
410 3450 562 3550 inmago
582 3451 686 3550 ligno
712 3447 826 3548 incisa
848 3474 936 3522 oum
961 3447 1223 3546 inscriptione:
1251 3445 1358 3546 posui
1377 3447 1506 3521 Deum
1532 3447 1744 3546 adjutorem
1766 3481 1897 3530 meum
1916 3503 1967 3518 -

355 3567 419 3641 sol.
437 3594 472 3642 a.
493 3566 718 3640 Proemium
734 3564 919 3640 sermonis
940 3563 1004 3637 sol.
1022 3563 1055 3636 3.
1079 3562 1208 3637 divislo
1236 3563 1475 3661 particularis
1495 3607 1541 3622 —
1558 3565 1623 3642 sol.
1648 3573 1682 3656 4.
1711 3571 1965 3670 Aphorismo.

355 3709 443 3758 rum
461 3681 839 3784 compunctio-sol.
860 3681 917 3778 39.
933 3678 968 3752 b.
987 3705 1033 3755 ex
1048 3679 1167 3778 gratia
1185 3679 1457 3758 clementissimi
1475 3681 1558 3779 Jesu
1573 3683 1640 3784 qui
1664 3689 1712 3760 est
1737 3714 1804 3763 rex
1828 3718 1963 3791 regum

357 3799 534 3874 dominus
556 3798 835 3873 dominantium
855 3797 983 3896 Alpha
1002 3811 1040 3870 et
1060 3795 1108 3882 Ο,
1132 3797 1208 3884 lux,
1226 3795 1298 3883 via,
1318 3797 1458 3872 veritas
1477 3814 1514 3873 et
1529 3799 1620 3890 vita,
1640 3802 1833 3906 judexque
1855 3810 1964 3884 vivo-

355 3941 443 3989 rum
458 3931 497 3989 et
515 3931 770 3998 mortuorum,
789 3911 966 4012 splendor
987 3912 1140 4012 gloriae,
1160 3929 1198 3988 et
1216 3913 1347 3988 matris
1359 3913 1439 3988 eius
1450 3917 1658 3993 benedicte.
1677 3921 1760 3994 linit
1775 3927 1962 4022 particula

300 4089 303 4096 .
355 4047 491 4132 quarta
513 4028 818 4131 aphorismorum
830 4027 1147 4130 compunctionis.
1166 4031 1308 4105 Actum
1326 4057 1401 4132 que
1423 4061 1494 4132 per
1509 4036 1730 4134 Magistrum
1753 4039 1959 4118 labronem

228 4175 231 4182 ’
357 4149 566 4247 Gmnr'nger
590 4146 896 4248 civirArgentin.
922 4148 1036 4223 Anno
1064 4147 1336 4224 incarnationis
1352 4149 1690 4230 MCCCCXCVll.
1718 4157 1828 4233 Char.
1858 4163 1963 4260 goth.

357 4281 447 4340 cum'
476 4265 562 4364 sgn.
594 4281 632 4340 et
664 4265 782 4368 epigr.
812 4281 851 4342 et
885 4264 1018 4342 decem
1050 4265 1277 4365 imaginibus
1303 4265 1408 4364 ligno
1439 4267 1537 4342 ineis
1575 4271 1653 4345 soll.
1682 4272 1742 4370 39.
1768 4301 1846 4350 non
1874 4277 1959 4378 sign.

356 4382 419 4456 lin.
438 4384 496 4458 30.
515 4391 549 4474 4.
675 4448 678 4460 .

548 4521 676 4580 Pcnreri
693 4520 798 4578 Annas.
818 4519 950 4597 Typogr.
969 4521 1006 4578 T.
1020 4541 1046 4578 ι.
1064 4521 1148 4598 pop
1172 4521 1286 4578 Mad.
1310 4521 1413 4580 Mein.
1431 4542 1461 4598 p.
1477 4515 1561 4581 651..

451 4710 676 4786 Gan-Ars
692 4712 865 4816 loquendi
876 4727 915 4786 et
928 4711 1136 4785 tacendi·
1147 4709 1252 4786 Haec
1268 4710 1306 4785 in
1322 4709 1459 4787 sronte.
1479 4713 1504 4786 s.
1525 4718 1964 4816 2.compendiosustrac-
2114 4764 2120 4774 .

356 4840 456 5016 talpa
473 4827 624 5018 delarte
640 4826 822 4932 loquendi
841 4843 879 4904 et
898 4827 1047 4904 tacendi
1073 4828 1239 4905 multum
1256 4827 1361 4906 utilio
1377 4829 1515 4906 -soll
1541 4858 1595 4906 ιι.
1625 4833 1659 4907 b.
1685 4837 1838 4939 explicit
1865 4837 1962 4914 liber
1988 4827 1989 4834 ἵ

433 4947 496 5020 oll.
546 4947 576 5022 Ι.
1590 4947 1621 5022 Β
1648 4949 1695 5022 b'
