4696 5860
750 650 991 712 carsaoous
1016 647 1392 708 monoanserucus
1417 649 1542 709 nour.
1906 665 1945 737 17
2001 615 2007 626 '

346 829 612 908 acmratillime
642 827 875 926 001116011-
901 827 1069 902 Haecin
1102 827 1228 908 fronte
1252 827 1317 902 fol.
1344 855 1372 900 r.
1391 851 1472 900 non
1491 827 1579 926 fign.
1608 830 1645 902 b.
1666 829 1801 931 incipit
1820 833 1949 910 tabula

348 947 458 1049 super
485 947 635 1021 hisdem
651 943 898 1022 sermonibus.
922 985 972 1022 r-
991 942 1128 1021 Finitis
1151 942 1287 1017 tabulis
1306 943 1433 1040 imago
1453 944 1663 1020 cardinalis
1688 963 1776 1022 ante
1799 975 1952 1026 crucem

346 1065 531 1142 flectentis
554 1065 656 1164 ligno
685 1061 799 1138 incisa
817 1103 867 1120 -
883 1061 972 1136 dein
990 1059 1323 1152 ¹sermones-aad
1345 1059 1553 1135 linemlol.
1574 1088 1629 1158 77.
1654 1062 1691 1135 b.
1725 1065 1949 1163 opusculum

348 1183 499 1282 presens
517 1181 622 1254 omni
647 1205 735 1254 cum
754 1179 948 1278 diligentia
971 1177 1227 1263 elaboratum,
1248 1203 1416 1252 necnon
1439 1204 1459 1252 a
1479 1177 1606 1252 lolerti
1621 1179 1714 1253 Viro
1730 1182 1951 1283 Hieronymo

341 1301 496 1372 Haetzel
513 1297 636 1371 incole
651 1295 812 1370 civitatis
830 1295 1165 1396 Nurembergenfis'
1180 1293 1399 1395 impreffum
1415 1294 1823 1372 Annoialutisnollrae
1843 1302 1945 1374 1503.

343 1415 479 1490 Tereia
495 1414 555 1489 die
574 1412 747 1512 Augusti.
767 1413 878 1486 Char.
894 1413 997 1512 goth.
1019 1438 1112 1486 cum
1131 1412 1200 1486 litt.
1218 1411 1429 1488 rubricatis.
1458 1413 1533 1488 foll.
1548 1441 1603 1511 77.
1614 1414 1677 1513 ng.
1690 1413 1753 1488 lin.
1770 1415 1827 1514 39.
1849 1423 1882 1506 4.

526 1569 786 1644 0000100001.
805 1570 937 1646 Typogr.
959 1572 994 1625 T.
1015 1589 1039 1636 7.
1059 1590 1088 1645 p.
1097 1577 1161 1644 442.
1180 1571 1219 1626 N.
1229 1585 1273 1626 22.

437 1789 497 1870 42.
509 1825 554 1842 -
572 1777 769 1878 Augustini
782 1779 902 1881 Niphi
921 1780 1031 1879 super
1056 1794 1133 1855 tres
1156 1778 1275 1853 libros
1287 1777 1290 1787 ’
1304 1779 1555 1858 deanima-
1576 1783 1680 1866 Haec
1700 1785 1948 1866 10100010-

343 1900 407 1972 lol.
431 1927 460 1974 1.
477 1899 512 1971 h.
529 1897 648 1998 Niphi
662 1897 814 1997 epistola
832 1897 879 1972 ad
900 1894 1161 1994 Balthasarum
1176 1883 1373 1971 Mr'lranlm
1396 1941 1439 1958 -·
1456 1900 1520 1974 fol.
1545 1927 1578 1974 2.
1601 1901 1736 2003 incipit
1754 1903 1955 2004 Augustini

313 2015 463 2120 *Napdi
482 2014 649 2090 Suelleni
677 2015 717 2087 in
737 2014 878 2088 librum
898 2014 944 2088 de
970 2014 1112 2089 Anima
1140 2011 1344 2110 Aristoteles
1369 2019 1667 2095 commentarius
1688 2063 1739 2078 -
1759 2023 1837 2098 loll.
1868 2051 1948 2123 117.

340 2135 403 2209 lin.
425 2135 483 2222 43.
501 2132 720 2232 imprellum
749 2134 907 2207 Veneni&
927 2159 997 2232 per
1021 2132 1164 2204 Petrum
1188 2130 1234 2204 de
1268 2129 1487 2232 Quarengiis
1512 2134 1806 2234 Bergomenlem
1826 2133 1971 2218 studio}

343 2267 381 2324 et
411 2249 586 2351 impensls
615 2249 759 2324 domini
792 2249 1006 2348 Alexandri
1036 2249 1245 2322 Calcrdonii
1267 2247 1516 2327 Pisaurienfis.
1542 2252 1594 2328 M.
1607 2254 1785 2330 CCCCC.
1800 2260 1864 2332 111.
1885 2260 1947 2335 die

346 2394 401 2456 ro,
419 2368 520 2465 Maji.
549 2367 691 2466 lnligne
708 2381 859 2467 typogr.
884 2392 972 2440 cum
990 2364 1239 2466 inscriptione
1255 2367 1377 2464 gratia
1397 2368 1654 2468 etprivilegio
1673 2400 1695 2446 a
1714 2374 1831 2449 latere
1849 2377 1945 2449 divi-

342 2485 407 2559 fim
429 2485 556 2587 polita.
584 2484 696 2559 Char.
717 2484 821 2582 goth.
839 2481 1016 2556 minutill.
1037 2483 1115 2558 loll.
1141 2509 1220 2579 ¹¹7·
1241 2509 1322 2556 non
1342 2482 1428 2582 fign.
1446 2483 1510 2558 lin.
1528 2485 1585 2558 80.
1606 2486 1630 2560 l.

531 2645 598 2699 Hoc
614 2661 687 2716 opus
704 2639 811 2696 nullibi
824 2639 989 2695 recenlitum
1005 2640 1143 2706 inveni03
1161 2640 1293 2712 quamvis
1309 2639 1421 2712 reliqua
1437 2641 1531 2714 Niplri
1546 2659 1634 2716 opera
1651 2645 1808 2702 aPaneero
1819 2647 1943 2724 etFrey-
1961 2622 1970 2633 ³

629 2735 711 2806 tegio
727 2731 857 2786 indicata
869 2729 985 2787 luerim.
1007 2734 1041 2786 ln
1055 2730 1111 2786 hac
1135 2729 1263 2787 editione
1291 2731 1376 2788 lollia
1399 2749 1459 2788 non
1477 2733 1582 2808 ligneae
1606 2735 1689 2802 lunt,
1708 2738 1756 2792 etfi
1772 2740 1948 2815 insequenti

625 2823 730 2880 litteria
745 2821 868 2882 arabicis
884 2823 1082 2880 inveniantur.

434 3034 555 3126 43-
572 3029 770 3132 Augustini
784 3031 903 3134 Nrpdi
923 3031 1019 3107 liber
1041 3031 1088 3107 de
1120 3033 1314 3110 intellectu
1333 3035 1438 3111 etde
1462 3029 1691 3115 demonibus
1711 3067 1801 3117 cum
1821 3047 1943 3143 gratia

340 3168 377 3227 et
394 3151 655 3252 privilegio-
672 3151 799 3251 inlign.
824 3165 975 3254 typogr.
996 3194 1044 3212 -
1060 3147 1165 3226 ll‘aec
1186 3151 1239 3225 in‘
1250 3151 1377 3227 fronte
1407 3153 1470 3228 lol.
1492 3153 1629 3231 eodem
1648 3156 1684 3234 b.
1713 3160 1878 3260 Epillola
1897 3167 1945 3242 ad

340 3267 586 3367 Sebastianum
605 3271 829 3351 Baduaniam
840 3309 885 3324 —
905 3269 969 3342 fol.
985 3296 1012 3344 1.
1034 3268 1119 3367 fign.
1132 3269 1218 3343 libri
1231 3269 1277 3344 de
1293 3271 1487 3346 intellectu
1504 3273 1692 3375 incipiunt
1703 3320 1753 3336 -
1764 3280 1811 3352 ad
1828 3281 1946 3358 linem

335 3386 398 3460 fol.
422 3389 478 3462 58.
500 3389 534 3462 b.
559 3387 960 3486 imprellum'Venetiis
978 3411 1050 3484 per
1069 3385 1212 3458 Petrum
1232 3386 1279 3462 de
1295 3387 1495 3490 Querengis
1509 3391 1803 3489 Bergomensem
1826 3397 1942 3472 Anno

336 3501 496 3578 Domini
513 3504 566 3577 Μ.
578 3504 753 3577 00000.
765 3505 827 3578 lll.
850 3501 912 3575 die
924 3502 956 3574 3.
968 3502 1135 3601 Augusti.
1153 3503 1377 3603 Registrum,
1392 3521 1430 3579 et
1441 3505 1515 3608 tria
1535 3506 1687 3582 dillicha
1706 3535 1795 3584 curn
1815 3510 1941 3613 infign.

331 3635 486 3722 typogr.
508 3619 607 3696 char.
629 3621 732 3720 goth.
753 3620 831 3695 foll.
855 3619 912 3693 38.
932 3617 1020 3718 fign.
1044 3619 1109 3695 lin.
1133 3646 1188 3719 70·
1215 3619 1240 3696 f.

524 3781 654 3838 Paneeri
680 3775 786 3836 Anna.
815 3777 946 3854 Typogr.
967 3779 1000 3833 T.
1012 3773 1040 3838 6.
1060 3797 1089 3851 p.
1105 3777 1169 3834 635.
1186 3777 1225 3832 N.
1246 3789 1308 3834 222.
1328 3775 1446 3834 eandem
1461 3795 1521 3834 000
1545 3777 1667 3850 dubito,
1689 3783 1741 3840 elle
1763 3785 1940 3854 editionem,

625 3890 711 3944 qnam
727 3871 854 3945 Freytag
869 3871 902 3924 10
919 3867 1017 3942 adpnr.
1033 3871 1087 3923 111.
1104 3868 1208 3942 12137·
1229 3882 1258 3922 et
1274 3868 1423 3940 ΙΡιυιιενιιε
1441 3869 1461 3928 l.
1474 3889 1496 3928 0.
1508 3871 1663 3942 exhibent,
1681 3879 1815 3950 quamvis
1837 3879 1869 3934 in
1883 3877 1941 3934 fine

627 3979 687 4016 non
703 3959 829 4038 ndjeenu
844 3959 933 4014 luerit
952 3957 1011 4014 dies
1027 3957 1238 4034 imprellionie,
1256 3978 1360 4036 nempe
1373 3960 1420 4017 die
1438 3965 1463 4020 3.
1474 3963 1612 4040 'Augusti

431 4173 489 4257 44.
506 4209 550 4224 -
572 4166 674 4269 Quae
691 4167 730 4238 in
746 4164 817 4241 hac
833 4166 927 4262 libro
947 4168 1180 4243 contenentur.
1202 4171 1372 4268 On'genis
1382 4171 1421 4245 in
1434 4171 1609 4246 Genellm
1621 4176 1810 4255 Homiliae
1827 4181 1880 4256 16.
1891 4223 1941 4240 -

337 4283 519 4358 Eiusdem
540 4284 580 4360 in
599 4283 777 4358 Exodum
795 4283 986 4358 Homiliae
1008 4285 1061 4360 13.
1076 4327 1117 4344 -
1129 4287 1312 4361 Eiusdem
1325 4287 1362 4360 in
1376 4287 1592 4363 Leviticum
1613 4291 1804 4371 Homiliae
1828 4305 1942 4373 16.-
1988 4329 1990 4332 ·

281 4400 286 4407 “
337 4402 518 4498 Eiusdem
551 4402 589 4475 in
610 4403 801 4476 Numeros
825 4400 1017 4476 Homiliae
1034 4403 1091 4476 28.
1108 4445 1158 4460 -
1176 4403 1357 4478 Eiusdem
1380 4404 1419 4477 in
1441 4405 1569 4480 Jesum
1597 4409 1788 4488 Homiliae
1816 4419 1873 4492 26.
1891 4461 1942 4476 -

335 4518 518 4593 Eiusdem
542 4519 581 4593 in
612 4519 753 4593 librum
779 4518 959 4594 Judicum
978 4519 1168 4596 Homiliae
1188 4523 1221 4595 8.
1238 4563 1288 4578 -
1306 4520 1394 4596 divo
1422 4523 1643 4626 Hieronymo
1670 4527 1939 4630 interprete-5-

338 4636 498 4711 Haecin
517 4635 643 4710 fronte
662 4636 726 4710 fol.
751 4664 777 4709 ι.
793 4683 832 4696 -
854 4635 916 4709 fol.
936 4636 1072 4712 eodem
1087 4638 1122 4711 b.
1142 4639 1306 4738 Epistola
1332 4639 1427 4714 Aldi
1440 4641 1604 4717 Manutii
1617 4645 1666 4720 ad
1685 4647 1856 4745 Egidaiem
1882 4655 1939 4724 Vr:

336 4751 527 4850 terbensem
561 4755 719 4831 Venetiis
743 4752 867 4856 pridie
897 4756 1027 4830 Nonas
1058 4755 1201 4857 Aprilis
1228 4757 1438 4832 MD111.-
1458 4761 1505 4836 ad
1532 4763 1649 4836 finem
1668 4762 1731 4838 fol.
1757 4767 1838 4840 182·
1855 4767 1940 4845 linit-
2015 4795 2021 4808 ·

395 4872 467 4948 Vol.
487 4871 535 4946 ΙΙ.
1619 4878 1649 4950 0
