4636 5878
384 682 456 766 040
806 645 822 676 ⁸
887 697 1054 762 00000000
1079 694 1488 758 srsrnntnrtcns.

382 869 576 938 Bellarionit
597 879 726 958 (Carti.)
749 881 915 949 translatio
932 885 1007 948 libr.
1026 873 1214 965 Meiaphyi.
1231 878 1423 944 Ariiioteiit.
1441 880 1485 942 N.
1506 893 1578 964 270.

296 1055 302 1062 Ι
384 971 570 1040 Calliodot'i
591 982 736 1058 (demet.)
753 1001 907 1050 tractetur
921 989 964 1052 de
981 984 1098 1047 anime.
1115 979 1259 1045 Phorcac
1279 979 1370 1067 rst'op.
1386 997 1417 1062 4.

329 1170 332 1174 Ι
388 1075 492 1140 Cusae
509 1080 658 1160 (Nicol.)
680 1085 720 1148 de
738 1087 830 1174 apice
847 1087 1008 1150 theoriae.
1018 1075 1084 1148 lib.
1101 1083 1145 1169 N.
1165 1089 1238 1148 255.

322 1173 328 1178 ’
429 1219 473 1234 -
514 1220 557 1236 -
599 1223 644 1239 -
686 1189 727 1251 de
743 1189 871 1272 beryllo
889 1191 946 1254 lib.
964 1188 1008 1251 N.
1028 1191 1101 1252 235.

426 1321 470 1336 -
511 1323 554 1339 -
598 1325 641 1340 -
684 1292 724 1354 de
742 1292 819 1360 dato
836 1293 1119 1380 patrieinminnm.
1137 1287 1194 1351 ih.
1214 1289 1258 1352 N.
1276 1289 1353 1352 255.
1397 1321 1400 1328 ¹

343 1455 349 1460 .
428 1425 473 1440 -
513 1427 556 1443 -
589 1429 641 1444 1-
684 1394 830 1482 dialogus
849 1395 1016 1484 depoffest.
1031 1394 1077 1456 N.
1095 1398 1167 1458 255.

388 1492 492 1554 Ficini
513 1495 681 1574 (Marlilii)
702 1497 743 1559 de
761 1497 884 1586 tripiici
901 1499 969 1560 vita
987 1509 1153 1562 tractatur.
1171 1495 1305 1580 Argent.
1330 1499 1419 1558 0500.
1439 1509 1470 1574 4.

385 1595 566 1662 Moienselt
586 1599 721 1675 (Mart.)
742 1615 913 1664 comment.
933 1602 967 1660 in
982 1599 1056 1662 libr.
1075 1596 1262 1684 Metaphys.
1281 1596 1412 1658 Aristot.
1432 1596 1477 1658 N.
1496 1600 1569 1676 234.

274 1771 280 1782 ι
389 1695 495 1784 Nipbi
513 1697 674 1785 (ingrad.)
694 1701 778 1764 liber
797 1703 837 1764 de
857 1701 1026 1766 intellectu
1041 1717 1075 1764 et
1092 1701 1131 1763 de
1149 1698 1353 1765 demonibus.
1369 1699 1517 1761 Venetiin
1536 1701 1671 1764 1505.f.

408 1834 452 1849 -
514 1837 556 1851 -
597 1835 641 1853 -
687 1803 790 1891 Supra
808 1820 872 1868 tres
891 1805 992 1869 libros
1008 1802 1189 1867 Aristotelis
1207 1801 1248 1863 de
1269 1804 1383 1864 anime.
1400 1801 1548 1865 Venetiit
1568 1782 1701 1864 05055.

256 1927 278 2002 ἰ
394 1901 544 1966 Sabunde
564 1907 708 1988 (haym.)
728 1907 898 1993 theologia
917 1906 1082 1970 naturalis.
1097 1905 1233 1994 Argent.
1252 1909 1341 1970 0500.
1361 1909 1385 1967 f.

390 2003 604 2092 Theophrasti
623 2011 912 2098 metaphysicorum
929 2010 986 2072 lib.
1017 2031 1044 2073 0.
1063 2008 1107 2070 Ν.
1124 2023 1198 2090 270.

297 2191 302 2202 ⁸
390 2105 504 2169 Veliae
523 2109 689 2196 (Georgii)
710 2111 750 2174 de
767 2113 974 2200 PhysroIogia
991 2110 1067 2173 libri
1082 2111 1145 2206 IV.
1161 2109 1206 2172 N.
1229 2113 1278 2173 06.
1346 2123 1348 2128 “

389 2206 486 2273 vivi.
503 2211 664 2290 (Valent.)
683 2217 884 2279 introductio
902 2215 942 2277 ad
958 2215 1157 2302 sapientiam.
1175 2213 1221 2276 N.
1238 2217 1311 2296 495.

389 2311 590 2379 Xenocraten
607 2315 648 2378 de
665 2315 782 2382 morte.
801 2317 846 2382 N.
867 2319 919 2402 95.
937 2321 1011 2380 255.
1029 2321 1104 2382 502.

1072 2501 1323 2586 musici.

390 2726 521 2789 Alberti
539 2729 686 2816 (Magni)
708 2731 749 2814 de
768 2732 866 2796 coelo
887 2745 920 2794 et
935 2733 1069 2796 mundo.
1086 2731 1162 2794 iibri
1179 2729 1241 2793 lv.
1259 2729 1410 2792 Venetiit
1430 2743 1522 2812 1490.
1538 2731 1564 2790 s.
1653 2782 1658 2790 .
1743 2779 1748 2789 .

400 2830 521 2916 Apiani
542 2831 658 2909 (Petri)
678 2833 916 2896 instrumentum
930 2833 1028 2922 primi
1043 2833 1186 2898 mobilis.
1205 2831 1359 2897 Notirnb.
1381 2833 1472 2914 0554.
1485 2831 1515 2894 f.

399 2931 599 3017 Argyropyli
618 2934 742 3011 (Joan.)
758 2935 832 2997 libri
850 2936 1144 3023 octophylicorunr
1157 2935 1352 3000 Aristotelis.
1369 2933 1527 2999 Viennae.
1546 2937 1581 2999 S.
1598 2935 1638 2998 A.
1657 2950 1687 3016 4.

396 3031 579 3095 Aristotelia
597 3034 716 3119 (Stag.)
735 3035 879 3118 acroaset
898 3037 1059 3118 Physicae.
1074 3040 1133 3101 lib.
1148 3037 1246 3101 vm.
1262 3037 1422 3124 Auguliee
1444 3038 1535 3101 0500.
1550 3040 1579 3100 s.

436 3139 505 3186 -'
539 3171 583 3186 -
639 3171 684 3186 -
725 3138 765 3201 de
789 3137 994 3225 longitudine
1024 3152 1057 3202 et
1081 3141 1247 3204 ,brevitate
1270 3142 1359 3202 vitae
1382 3139 1444 3202 lib.
1478 3159 1550 3203 cnm
1574 3154 1746 3205 comment.
1770 3139 1863 3228 ioan.
1891 3143 1999 3209 Echii.

401 3222 405 3230 ⁵
733 3241 1026 3328 unguetenus.
1138 3289 1139 3292 η
1765 3255 1770 3263 “

438 3363 482 3393 ⁶
547 3377 589 3394 —
653 3378 697 3395 -
741 3345 782 3407 de
795 3346 907 3409 somno
926 3361 959 3408 et
974 3325 1089 3433 'vigilia
1104 3343 1201 3408 liber.
1219 3343 1349 3430 August.
1370 3343 1460 3409 0520.
1475 3347 1506 3408 f.

440 3480 483 3497 -
546 3481 591 3496 -
643 3461 698 3497 t-
736 3445 811 3509 iibri
825 3462 858 3530 4.
878 3448 918 3511 de
937 3447 1045 3514 coeio.
1060 3450 1144 3535 Aug.
1161 3441 1258 3538 0509.
1275 3461 1305 3527 4.

436 3583 479 3598 -
541 3579 584 3598 -·
647 3581 690 3600 -
729 3550 971 3638 meteorologia
1004 3552 1172 3618 aJncobo
1206 3549 1375 3616 Codriacn
1409 3551 1580 3643 explanata
1606 3550 1888 3634 Norimbqirt.
1916 3550 2000 3636 Aug.

753 3657 845 3738 ¹⁵¹9·
863 3669 896 3734 4.
1401 3655 1404 3662 '

400 3751 595 3818 lleisarionin
612 3751 740 3831 (Card.)
753 3767 854 3817 tract.
873 3755 1041 3820 denatura
1061 3771 1094 3820 et
1112 3772 1180 3820 arte
1199 3757 1322 3821 advers.
1344 3757 1605 3846 Trapezuntium.
1622 3755 1666 3820 N.
1684 3771 1756 3840 271.

398 3853 640 3944 compendiose
658 3855 909 3945 cepitis-phyfici
929 3858 1116 3923 decimatio.
1135 3861 1259 3948 Lipsiae
1279 3863 1372 3923 0500.
1388 3864 1413 3923 f.

404 3957 642 4048 Compendium
657 3957 886 4048 philosophiae
904 3962 1058 4024 naturalis
1074 3964 1196 4049 Lipsiae
1207 3967 1300 4028 0500.
1311 3965 1336 4025 f.

403 4059 506 4124 Cusae
527 4061 670 4139 (Nicol.)
688 4061 818 4127 idiotae
833 4063 908 4126 libri
924 4079 1074 4150 quatuor.
1093 4064 1135 4127 N.
1156 4067 1230 4134 255.

396 4163 554 4249 indagine
573 4167 657 4242 (Jo.)
678 4163 901 4230 Chiromantia
917 4168 1160 4255 physiognomia
1178 4181 1241 4230 etc.
1257 4164 1467 4251 Argentorati
1489 4171 1578 4232 0550.
1596 4171 1621 4230 f.

398 4264 487 4327 Lutti
506 4267 718 4348 (Raymuntli)
736 4289 785 4330 ara
802 4290 915 4354 magna
925 4268 1089 4358 generalis
1106 4283 1140 4331 et
1157 4269 1280 4334 ultima.
1300 4270 1449 4357 Lugduni
1475 4275 1565 4356 1507.
1582 4286 1613 4352 4.

407 4367 590 4452 Margarita
604 4369 832 4457 Philosopbica
851 4393 922 4436 cnm
941 4369 1171 4436 additionibus.
1187 4373 1321 4459 Argent.
1342 4373 1434 4436 0508.

403 4468 542 4556 Qualiae
560 4479 575 4547 (
590 4470 715 4549 Math.)
739 4475 863 4538 Textur
877 4476 1005 4564 parvuli
1021 4473 1249 4563 philosophiae
1266 4477 1419 4540 naturalis
1437 4497 1508 4538 cum
1525 4491 1664 4540 coment.
1682 4476 1855 4562 Hagenov.
1876 4475 1965 4536 0505.
1976 4487 2008 4553 4.

401 4571 589 4638 Stoellerini
610 4575 734 4653 (Joan.)
754 4577 930 4642 elucidatio
948 4581 1072 4642 sabriae
1088 4577 1224 4665 utiusque
1243 4579 1413 4643 astrolabii.
1433 4577 1639 4668 oppenheim
1660 4581 1751 4642 0505.
1770 4581 1863 4657 0524.
1880 4579 1906 4638 f.

402 4677 548 4760 Thylefii
567 4677 673 4754 (Ant.)
694 4679 735 4742 de
753 4680 919 4746 coloribus
935 4683 1029 4745 liber.
1045 4681 1090 4745 N.
1109 4684 1184 4763 461.
1527 4687 1531 4694 ’

320 4799 326 4814 ·
399 4781 514 4846 Veliae
533 4783 698 4868 (Georgii)
718 4781 758 4844 de
777 4787 956 4869 geometria
972 4784 1048 4848 libri
1066 4785 1123 4849 vt„
1144 4803 1285 4848 necnon
1303 4784 1343 4848 de
1370 4785 1565 4850 mechanicis
1590 4783 1806 4874 spiritalibus,
1832 4781 2006 4868 catopricit

490 4884 541 4948 -ad
558 4887 678 4974 opticic
695 4886 735 4960 de
752 4908 815 4972 que
832 4888 990 4976 quadrato
1009 4887 1121 4954 circuli
1138 4902 1304 4954 tractatus.
1313 4887 1358 4954 N.
1379 4891 1427 4952 05.
