4706 5868
752 652 992 716 carseocus
1019 649 1404 711 matroonarrucus.
1432 653 1588 713 nnxm.
1926 642 1972 736 67
2092 642 2096 656 '

367 857 444 942 pta
470 835 627 938 Respice
647 851 686 910 et
707 859 809 919 eme,
827 833 960 906 senties
978 857 1040 904 me
1064 855 1143 903 non
1159 828 1262 904 suilse
1280 832 1494 906 mentitum.
1519 873 1571 888 -
1588 830 1719 930 insign.
1748 833 1884 910 domus
1904 819 1976 909 Ba-

369 957 538 1032 varicae:
572 953 676 1026 sratr.
703 951 805 1024 illust.
828 947 1015 1046 Principis
1044 944 1237 1019 Wilhelmr'
1258 947 1439 1021 Bavariae
1471 946 1589 1020 Ducis
1614 969 1841 1048 praeceptor
1866 953 1977 1026 Ioan-

367 1101 434 1148 nes
452 1073 651 1145 Arentinus
667 1069 721 1141 M.
741 1066 872 1164 (vulgo
899 1063 1064 1135 Tunnair
1077 1063 1123 1136 de
1145 1062 1351 1164 Abensperg
1362 1063 1482 1137 dictus
1498 1064 1625 1138 edidit.
1649 1066 1836 1142 Slludioso
1854 1094 1977 1167 gram-

373 1189 531 1264 matico:
561 1185 713 1258 disticha
745 1182 916 1256 duo:-
940 1178 1084 1254 Haec
1073 1205 1114 1252 m
1143 1180 1280 1256 fronte.
1308 1223 1357 1238 -
1385 1179 1450 1254 sol.
1476 1181 1558 1255 eod.
1589 1183 1623 1255 b.
1654 1183 1817 1282 Epistola
1845 1184 1976 1258 soban.

372 1308 495 1378 Arent.
524 1303 570 1378 ad
598 1300 739 1376 studios
736 1328 862 1374 os.—
816 1298 946 1372 s-ol.
976 1305 1033 1387 44.
1067 1297 1131 1370 lin.
1163 1299 1217 1372 15.
1250 1295 1467 1397 impressum
1505 1298 1781 1400 diligenterque
1811 1301 1977 1376 revisum

370 1423 620 1520 Norrizbergae
652 1417 795 1519 oppido
828 1415 1063 1515 imperiali'
1053 1442 1092 1486 m
1121 1413 1278 1488 officina
1304 1415 1449 1488 domini
1480 1415 1660 1490 Iohannis
1697 1415 1980 1517 Weissmberger

372 1540 434 1614 die
452 1539 602 1614 decimo
624 1551 761 1636 quarto
781 1533 915 1608 mensis
930 1535 1085 1606 Januar.
1107 1532 1222 1605 Anno
1240 1531 1364 1606 salutis
1388 1531 1488 1606 1513.
1508 1533 1593 1632 sign.
1614 1535 1784 1634 Typogr.
1795 1538 1829 1609 J.
1847 1537 1974 1612 H.W.

370 1657 481 1731 Char.
498 1655 601 1755 goth.
622 1652 698 1728 soll.
716 1658 773 1742 44.
791 1677 870 1724 non
888 1676 993 1723 num.
1014 1649 1077 1722 lin.
1097 1647 1155 1748 39.
1173 1655 1206 1736 4.

564 1779 664 1849 ram
666 1792 754 1846 ,,·Δ,,
756 1787 1199 1864 murypogrfflroplss.
1215 1787 1320 1863 qus

468 1961 546 2061 193
562 1959 785 2033 -Paulina
805 1957 852 2030 de
866 1972 971 2030 recta
982 1954 1143 2030 Paschae
1157 1955 1410 2030 celebratione
1430 1971 1468 2030 et
1492 1955 1538 2030 de
1561 1955 1621 2033 die
1637 1957 1813 2060 passionis
1832 1961 1978 2038 domini

368 2080 481 2154 nostri
500 2079 589 2154 Jesu
609 2077 755 2151 Christi
765 2073 957 2148 —Haec
948 2100 987 2148 in
1008 2073 1144 2146 fronte.
1163 2072 1232 2145 litt
1252 2072 1459 2168 majusc-
1477 2073 1540 2147 sol.
1559 2076 1641 2150 eod.
1664 2077 1699 2151 b.
1725 2078 1974 2180 Privilegium

368 2195 529 2296 impress.
551 2196 709 2270 aLeone
726 2193 875 2266 decimo
902 2190 1057 2265 auctori
1073 2188 1190 2262 Paulo
1218 2188 1264 2262 de
1281 2189 1529 2289 Mrbldelburgo
1547 2192 1688 2267 Romae
1711 2197 1812 2272 1513.
1843 2197 1976 2274 datum

368 2341 456 2389 cum
470 2311 600 2412 infigni
618 2307 957 2385 Pontificio-sol.
978 2333 1010 2378 2.
1035 2305 1224 2379 Praefatio
1252 2307 1417 2380 auctoris
1435 2305 1481 2382 ad
1504 2309 1661 2382 Leonem
1693 2312 1802 2387 Pont.
1831 2314 1974 2389 directa

370 2446 438 2506 etc.
454 2473 504 2488 -
522 2429 584 2504 sol.
604 2429 656 2501 13.
676 2429 710 2500 b.
728 2425 815 2499 libri
837 2424 882 2499 de
900 2420 1062 2496 Paschae
1083 2421 1336 2497 celebratione
1356 2422 1542 2522 incipiunt
1555 2452 1643 2498 cum
1658 2427 1776 2502 limbo
1794 2427 1972 2529 splendid.

370 2547 486 2621 inciso
508 2589 548 2602 -
567 2549 647 2644 post
672 2559 822 2644 partem
846 2540 1013 2639 primam
1034 2539 1185 2612 initium
1211 2538 1384 2636 epistolae
1409 2541 1574 2614 auctoris
1600 2542 1647 2616 ad
1671 2545 1973 2622 Maxzinz'lianum

368 2665 534 2760 Regem,
556 2660 629 2733 alio
648 2659 767 2732 limbo
786 2680 905 2756 aeque
924 2654 1118 2754 splendido
1139 2653 1332 2728 inclusum.
1360 2654 1384 2727 s.
1403 2656 1484 2754 395.
1504 2657 1538 2729 b.
1561 2657 1623 2731 lin.
1637 2661 1669 2732 6.
1683 2660 1899 2761 impressum
1909 2666 1975 2741 Fo-

261 2769 263 2774 ’
365 2803 407 2854 ro
424 2778 626 2876 Sempronii
642 2801 712 2876 per
726 2773 969 2874 spectabilem
985 2773 1112 2846 virum
1133 2773 1366 2844 Octavianum
1390 2771 1583 2848 Petrutium
1603 2777 1726 2852 civem
1740 2781 1841 2854 Foro
1863 2783 1972 2858 Sem-

206 2901 212 2908 ’
333 2991 335 2996 ¹
368 2894 608 2996 proniensem
633 2888 890 2991 impressoriae
918 2889 1009 2964 artis
1039 2887 1303 2990 peritissimum
1332 2889 1447 2963 Anno
1467 2891 1628 2967 Domini
1654 2896 1881 2975 M.D.Xlll.
1911 2903 1971 2979 die

241 3065 243 3068 -
371 3027 505 3085 octava
523 3007 615 3084 Julii
637 3033 725 3082 cum
740 3005 946 3104 Privilegio
972 3034 993 3080 a
1012 3003 1368 3082 summo‘Pontisice
1392 3009 1516 3082 Leone
1541 3010 1690 3087 decimo
1711 3019 1857 3092 auctori
1878 3047 1971 3121 ope·

370 3127 422 3202 ris
438 3125 606 3203 concesso
624 3141 750 3199 etc-
767 3123 894 3221 insign.
913 3124 1084 3222 Typogr.
1104 3123 1241 3198 litteris
1263 3123 1309 3198 Ο.
1326 3125 1367 3199 Ρ.
1385 3125 1424 3199 F.
1441 3126 1553 3202 Char.
1569 3155 1665 3205 rom.
1686 3135 1805 3230 grand
1824 3164 1894 3236 per
1910 3156 1969 3214 ιο.
2040 3161 2045 3170 ·

369 3259 463 3319 tum.
489 3243 580 3318 Litt.
601 3243 680 3318 init
699 3241 827 3340 grand.
847 3238 946 3314 ineis.
966 3239 1042 3315 soll.
1063 3239 1145 3339 395.
1162 3267 1242 3314 non
1259 3240 1344 3340 slgn
1368 3241 1430 3315 lin.
1439 3243 1508 3342 39.
1536 3246 1560 3317 s.

560 3382 643 3440 Pam
646 3377 1270 3454 AlTypgT7p5oN
1257 3382 1969 3463 MttT2p242pptspldem

659 3471 877 3547 smplso
835 3485 933 3525 t
965 3467 1235 3525 ltah
1186 3487 1319 3544 p
1397 3473 1549 3530 rarillirnas
1567 3475 1676 3530 edition
1724 3481 1847 3538 exoeillt.

468 3649 603 3738 194.-
556 3637 847 3736 -Allmanach
863 3663 965 3710 nova
979 3635 1155 3735 plurimis
1173 3638 1279 3712 annis
1306 3639 1478 3713 venturis
1503 3638 1744 3723 inservientia
1771 3677 1841 3751 per
1856 3654 1970 3728 Joan-

369 3783 451 3832 nem
470 3731 734 3854 Stoefflerinum
748 3751 1018 3852 Juslingensem
1032 3769 1070 3826 et
1080 3753 1248 3827 Iacobum
1265 3753 1455 3845 Pstaumen
1466 3758 1686 3836 Ulmensem
1701 3769 1970 3846 accuratissime

369 3847 567 3974 supputata
579 3891 616 3948 et
626 3890 697 3947 toti
688 3872 788 3946 sere
798 3873 972 3969 Europae
984 3869 1118 3943 dextro
1129 3868 1283 3969 sydere
1273 3872 1475 3970 impertita.
1489 3915 1533 3936 -·
1551 3876 1615 3952 sol.
1624 3909 1657 3953 2.
1672 3883 1835 3982 Epistola
1845 3887 1970 3985 Stoerff

371 3991 536 4063 len'm—
552 3989 615 4062 sol.
633 3989 667 4062 3.
685 3989 793 4060 Joan.
812 3986 858 4059 de
876 3983 999 4059 Monte
1009 4011 1115 4080 regio
1134 3987 1429 4062 commentarius
1450 4017 1538 4065 cum
1556 3995 1668 4070 addit.
1686 3998 1793 4073 Joan.
1804 4003 1967 4114 Stoepssle-

372 4103 578 4178 n‘uzNJ-fot
608 4105 660 4178 18.
686 4129 809 4176 canon
834 4103 880 4177 de
910 4101 1085 4176 domibus
1111 4103 1206 4178 coeli
1236 4105 1524 4180 fabricandis—
1544 4110 1607 4184 fol.
1628 4115 1684 4212 39.
1705 4115 1767 4188 lin.
1787 4118 1818 4192 3.
1843 4109 1969 4197 Pelms

370 4218 615 4319 Lichtensteriz
641 4218 873 4294 Coloniensls
891 4246 1093 4320 germanus
1113 4221 1161 4294 ad
1179 4246 1381 4296 commune
1401 4223 1545 4300 bonum
1569 4244 1606 4302 et
1625 4234 1910 4312 commodum
1899 4258 1968 4316 ste-

370 4365 459 4414 rum
478 4337 662 4439 impressit
683 4336 801 4410 diaria
825 4337 1039 4412 coelestium
1067 4354 1244 4412 motuum
1268 4367 1290 4412 a
1307 4340 1512 4415 clarissimis
1530 4347 1663 4421 noflris
1679 4357 1868 4448 germanis
1889 4359 1967 4432 edi·

262 4469 264 4472 ’
369 4473 427 4541 ta,
445 4483 465 4530 e
481 4482 585 4528 novo
602 4481 719 4555 quam
736 4451 1028 4528 emendatissime
1045 4453 1233 4553 prodeant
1255 4455 1293 4529 in
1304 4483 1389 4530 oras
1402 4457 1515 4531 Anno
1535 4461 1704 4562 Virginis
1715 4487 1846 4568 partus
1864 4475 1965 4552 1513.

327 4629 332 4640 .
371 4569 432 4646 die
451 4573 483 4646 3.
504 4571 674 4645 Januarii
694 4569 760 4644 sub
776 4569 1030 4670 hemispherio
1055 4573 1212 4662 Veneto,
1226 4573 1342 4646 finem
1368 4573 1557 4675 imposuit.
1583 4580 1685 4656 Divo
1704 4587 1967 4667 Maximiano

370 4689 604 4788 imperatore
624 4689 744 4762 electo
770 4687 978 4762 faustissime
997 4688 1266 4789 imperante-
1289 4688 1352 4763 sol.
1378 4699 1435 4780 40.
1464 4691 1673 4794 sequuntur
1693 4704 1965 4802 Ephemerides

368 4807 483 4880 Anno
503 4805 729 4882 Dominicae
752 4804 1022 4881 incarnationis
1047 4806 1149 4882 1513.
1172 4805 1290 4910 usque
1315 4805 1363 4883 ad
1383 4836 1524 4886 annum
1556 4815 1648 4888 1530
1676 4818 1859 4898 inclusive.
1884 4827 1965 4901 Fol.

1520 4929 1687 5004 la·
