4706 5868
760 657 999 716 caratoous
1026 655 1399 716 nrnntoonlrntcus
1426 657 1577 716 rtnxvr.
1919 645 1967 744 95,

362 837 424 911 lin.
443 860 497 934 19.
521 835 667 910 editum
688 838 736 909 ell
755 835 828 908 hoc
852 861 949 935 opus
967 835 1340 934 chronographicum
1365 836 1540 935 impenfie
1563 832 1885 911 ornatillimorum
1907 836 1964 912 ri-

362 979 509 1032 rorum.
522 953 686 1026 Conradi
700 953 906 1050 Breunr'ng,
934 953 1085 1025 Kile'arn'
1105 955 1263 1026 Wetzler
1286 969 1326 1052 et
1347 953 1474 1026 Ioann.
1495 948 1652 1052 Zuypfhl
1664 952 1963 1052 Tubingenlium

363 1067 582 1168 imprellum
603 1068 789 1167 Tubr'ngae
807 1094 926 1168 opera
958 1069 1117 1141 tttomae
1136 1069 1332 1164 Anfhclmi
1345 1069 1524 1166 Badenfi‘s
1544 1066 1672 1150 Mense
1690 1069 1832 1144 Martio
1847 1071 1963 1144 Anno

363 1187 416 1260 M.
426 1186 475 1259 D.
487 1187 594 1258 XVI.
616 1186 850 1259 illullrillimo
868 1184 1155 1282 Wurtembergae
1164 1185 1346 1284 principe.
1359 1187 1470 1260 Char.
1483 1187 1544 1258 lat.
1560 1185 1722 1282 grandis.
1736 1185 1834 1282 glott.
1847 1211 1966 1284 marg.

364 1303 441 1377 tolt
458 1303 553 1378 tomi
572 1303 702 1378 Primi.
726 1329 803 1400 191.
822 1303 907 1402 fign.
925 1303 987 1376 lin.
1007 1305 1063 1376 52.
1085 1343 1130 1357 -
1152 1302 1268 1375 Tomi
1284 1301 1435 1378 secundi
1451 1302 1527 1375 loll.
1547 1299 1629 1400 317.
1647 1301 1709 1376 lin.
1729 1304 1786 1376 52.
1808 1303 1831 1374 s.

557 1442 686 1538 rameri
701 1441 807 1497 Annnl.
829 1441 959 1517 Typogr.
977 1441 1012 1496 T.
1022 1434 1050 1496 8.
1070 1440 1172 1518 p.327.
1194 1441 1232 1496 N.
1241 1439 1287 1512 46.

460 1609 542 1704 273.
560 1649 605 1668 -
621 1609 901 1706 Mamit'logium
916 1609 1020 1682 Viola
1035 1609 1253 1680 Sanctorum.
1267 1643 1314 1660 -
1329 1607 1433 1682 Haec
1449 1605 1487 1681 in
1503 1607 1629 1681 fronte
1647 1607 1763 1682 limbo
1783 1624 1966 1684 ornata-

362 1723 574 1823 Registrum
592 1769 638 1782 -
656 1723 719 1798 fol.
745 1753 773 1799 1.
795 1724 983 1823 Prologus
1001 1767 1051 1783 -
1066 1725 1128 1798 sol.
1148 1752 1206 1823 99.
1225 1724 1261 1798 b.
1278 1723 1341 1798 lin.
1360 1727 1416 1798 25.
1439 1724 1554 1798 Viola
1569 1724 1785 1799 sanctorum
1808 1725 1892 1798 finit
1915 1725 1968 1800 fe-

362 1841 494 1916 liciter.
522 1843 635 1915 Armo
651 1842 808 1916 Domini
831 1843 884 1916 M.
894 1842 941 1915 D.
955 1843 1061 1916 XVl.
1081 1841 1298 1940 imprellum
1310 1841 1536 1940 Argentrizae
1549 1867 1620 1940 per
1634 1841 1831 1916 honestum
1840 1842 1968 1916 virum

361 1957 572 2030 Mathaeum
600 1957 787 2058 Hupssusf
801 1959 924 2033 civem
951 1957 1277 2057 Argentinenlem.
1304 1958 1406 2032 Laus
1431 1958 1527 2032 Deo,
1554 1957 1665 2033 Char.
1685 1959 1787 2058 goth.
1811 1957 1967 2034 minulc.

369 2073 503 2172 glollae
521 2101 639 2173 marg.
655 2076 731 2148 foll.
750 2103 808 2174 99.
826 2075 912 2175 llgn.
933 2075 972 2148 in
992 2092 1075 2149 toto
1096 2077 1173 2148 105.
1196 2075 1260 2147 lin.
1281 2079 1338 2163 41.
1360 2082 1393 2164 4.

556 2214 685 2269 Panzeri
702 2213 806 2268 Annal
828 2215 960 2289 Typogr.
983 2215 1018 2268 T.
1037 2212 1063 2268 6.
1082 2214 1164 2288 p.73.
1186 2213 1225 2269 N.
1235 2213 1297 2286 439.
1326 2263 1331 2270 ,

458 2405 540 2497 274.
557 2440 607 2456 -
626 2400 673 2472 D.
696 2402 844 2499 Erasmi
862 2399 1098 2474 Rotarodamz'
1111 2399 1183 2474 viri
1204 2399 1459 2502 undecunque
1485 2399 1683 2474 doctillimi
1708 2400 1960 2476 Lucubratio-

361 2541 448 2602 nes‚
461 2543 627 2615 quarum
643 2517 755 2591 index
772 2517 913 2616 politus
930 2523 977 2590 est
999 2517 1093 2591 sacie
1105 2516 1285 2616 sequenti.
1302 2560 1349 2574 —·
1365 2517 1405 2589 in
1420 2517 1538 2591 libera
1556 2518 1761 2616 Argentriza
1779 2541 1867 2589 cum
1882 2541 1965 2614 gra-

362 2632 415 2704 tia
434 2647 472 2704 et
490 2631 694 2728 Privilegio
714 2631 901 2730 imperiali
917 2633 968 2706 ad
983 2631 1213 2706 sexennium.
1231 2675 1281 2691 --
1297 2633 1457 2707 Haecin
1477 2633 1602 2708 fronte
1620 2659 1708 2710 eum
1723 2634 1757 2707 8.
1774 2631 1968 2730 figuris.-

361 2747 425 2820 fol.
447 2747 529 2820 eod.
550 2747 881 2822 Lucubrationum
898 2748 1021 2824 indere
1043 2789 1089 2808 -
1111 2749 1417 2824 Gerbelliillb'col.
1435 2749 1621 2850 praefatio
1633 2792 1682 2808 -
1698 2748 1762 2823 sol.
1780 2776 1808 2821 r.
1828 2748 1967 2824 Enchi-

361 2863 488 2938 ridion
505 2863 642 2938 inclitis
661 2864 846 2938 christiani
862 2907 909 2926 -
931 2865 993 2940 fot
1012 2893 1093 2964 277.
1114 2867 1177 2940 lin.
1199 2893 1256 2940 21.
1274 2863 1441 2940 exulum.
1460 2872 1507 2941 est
1525 2867 1714 2966 hocopus
1739 2863 1886 2940 summa
1903 2891 1968 2938 cu·

360 3005 405 3054 ra
423 2981 629 3080 laboreque
652 3005 883 3080 praemagno
904 2984 1142 3080 Argentorati
1154 2983 1256 3084 apud
1278 2983 1489 3057 Mathaeum
1511 2983 1735 3057 Schurerzicm
1754 2981 1882 3057 Mense
1896 2983 1965 3056 Ju-

330 3089 337 3098 ’
362 3097 429 3171 nio
442 3100 557 3171 Anno
574 3099 627 3171 M.
638 3100 686 3171 D.
697 3100 804 3172 XVl.
820 3139 857 3156 -
877 3115 1061 3198 regnante
1077 3102 1342 3177 Mastitu'lrbno
1356 3102 1599 3203 imperatore.
1617 3100 1730 3176 Char.
1749 3101 1810 3176 lat.
1832 3099 1964 3200 grand.

364 3215 439 3290 loll.
451 3217 534 3290 262.
552 3215 639 3316 stgn.
657 3217 697 3290 in
718 3233 801 3291 toto
822 3244 904 3315 277.
932 3217 995 3292 lin.
1014 3219 1072 3308 34.
1092 3225 1126 3309 a

555 3357 683 3412 Panaeti
699 3355 805 3412 Annal.
824 3357 957 3452 Typogr.
979 3357 1015 3414 T.
1026 3357 1053 3412 6.
1072 3374 1102 3433 p.
1111 3353 1158 3414 81.
1179 3358 1216 3413 N.
1226 3356 1291 3432 453.
1310 3368 1339 3428 4.

458 3545 540 3641 275.
557 3587 607 3603 -
624 3543 963 3642 Beatffrm'l’atn's
975 3541 1241 3646 llb'liEpilcopi
1263 3558 1301 3620 et
1316 3541 1498 3640 Martyris
1517 3539 1706 3640 Theologi
1722 3537 1965 3639 antiquillimi

363 3659 566 3736 sententiae
584 3664 747 3737 morales
764 3690 785 3736 e
801 3689 936 3762 graeco
955 3663 994 3736 in
1012 3663 1170 3752 latinum
1184 3658 1321 3735 versae.
1331 3701 1378 3716 -
1394 3657 1590 3731 Distichon
1607 3699 1651 3716 -
1666 3655 1706 3729 in
1722 3655 1876 3730 aedibus
1887 3657 1965 3730 Lo·

363 3777 546 3851 therianis
565 3779 640 3851 hoc
664 3777 887 3880 opusculum
910 3777 1129 3879 imprelsum
1150 3776 1414 3853 venumdetur.
1435 3813 1483 3830 --
1508 3773 1614 3847 Haec
1637 3772 1677 3845 in
1698 3771 1823 3846 fronte
1846 3773 1964 3846 limbo

364 3891 571 3992 figurisque
590 3893 709 3967 incifis
728 3909 862 3970 ornata
876 3938 926 3953 -
943 3895 1005 3968 tot.
1029 3921 1082 3968 10.
1101 3896 1163 3968 lin.
1188 3919 1241 3966 ro.
1259 3890 1406 3992 Ltpsiae
1424 3917 1470 3966 ex
1486 3889 1640 3963 officina
1649 3887 1862 3962 Melchtbn's
1879 3889 1964 3962 Lot-

266 4081 271 4090 ,
363 4005 463 4079 then'
481 4009 595 4081 Anno
621 4037 642 4082 a
669 4009 873 4084 Dominica
892 4009 1090 4086 nativitate
1119 4011 1318 4086 Milleslmo
1345 4005 1644 4112 quingenteltmo
1675 4003 1824 4082 decimo
1848 4003 1966 4078 textor

363 4103 478 4180 Char.
500 4104 561 4180 lat.
581 4105 657 4179 foll.
682 4133 734 4180 ιο.
755 4106 817 4180 lin.
835 4107 944 4198 334
1247 4120 1253 4128 '

431 4263 438 4280 ¹
556 4245 685 4301 Persen·
700 4245 803 4302 Annal.
822 4247 955 4324 Typogr.
975 4247 1010 4302 T.
1020 4267 1047 4320 7.
1065 4249 1167 4323 9³9³·
1188 4247 1225 4302 N.
1233 4245 1300 4321 547.
1317 4256 1344 4320 4

291 4471 302 4486 ·
458 4434 540 4530 276.
561 4469 613 4491 -·
633 4435 711 4508 Vita
725 4434 1023 4536 Philosophomm
1039 4451 1078 4509 et
1096 4435 1287 4509 Poetarum
1305 4457 1394 4508 cum
1410 4427 1697 4507 auctoritatibus
1717 4442 1755 4504 et
1770 4425 1963 4504 sententiis

362 4550 486 4625 aureis
503 4553 713 4628 eorundem
731 4553 896 4628 annexis.
916 4597 963 4643 7-
986 4553 1151 4627 Carmen
1175 4549 1468 4628 tumultuarium
1492 4546 1644 4622 disticha
1665 4546 1759 4622 tria:
1785 4588 1833 4604 -
1859 4547 1966 4626 Haec

245 4725 264 4752 .,
363 4667 403 4740 in
421 4667 545 4743 fronte
565 4711 614 4728 —
636 4671 700 4745 so‘l.
719 4671 775 4744 52.
799 4645 861 4744 lin.
880 4672 937 4745 32.
958 4669 1053 4747 liber
1070 4670 1188 4746 vitam
1206 4643 1526 4769 Philosophorum
1545 4663 1743 4764 inscriptus
1758 4660 1962 4738 moralium

363 4783 586 4886 dogmatum
608 4790 782 4868 ubertate
801 4789 964 4868 affattim
976 4789 1149 4869 refertus.
1169 4785 1367 4891 imprellua
1386 4785 1426 4861 in
1444 4783 1600 4864 officina
1618 4779 1788 4860 industrii
1809 4777 1964 4854 Ioanm's
