4696 5860
380 618 426 690 28
792 637 1032 696 caracoocs
1058 637 1430 697 nrauocnaamcus
1457 639 1578 696 unvr.

483 812 539 908 73.
550 853 596 868 -
615 813 738 886 Aurea
757 815 946 912 Prfiilatio
964 816 1113 890 Albani
1124 817 1261 916 Magni
1272 818 1312 890 in
1329 809 1645 920 Apocalyplln—
1667 816 1729 891 sot.
1751 843 1783 890 a.
1805 822 1988 916 praelatio

388 969 432 985 -
449 929 597 1003 Tabula
623 931 748 1005 fratris
771 933 956 1005 Bemardi
976 933 1022 1006 de
1051 935 1086 1006 la
1112 935 1361 1035 Luzemburgo
1386 935 1425 1009 in
1447 962 1601 1010 auream
1625 936 1724 1010 hanc
1743 935 1931 1010 Postillam
1944 969 1998 998 -·

386 1046 500 1140 f0t6.
520 1046 706 1146 Prologus
733 1049 810 1122 divi
828 1049 974 1124 Albam·
984 1051 1175 1150 Magni-
1196 1053 1260 1126 fol.
1278 1053 1417 1128 eodem
1435 1053 1469 1126 b.
1487 1054 1673 1152 Prologus
1694 1053 1850 1126 Gilberti
1862 1096 1908 1110 -
1926 1053 1989 1128 fot.

392 1189 445 1236 10.
473 1163 778 1266 Apocalypfis-
798 1167 861 1240 fol.
898 1168 975 1242 135.
1003 1167 1056 1240 lin
1090 1195 1143 1268 ¹9·
1169 1169 1254 1242 finis
1280 1169 1395 1244 huius
1418 1196 1553 1246 aureae
1572 1169 1834 1272 postillationis
1851 1171 1996 1245 Alberti

387 1279 523 1379 Magni
533 1282 572 1355 in
590 1283 858 1384 Apocalypfim
872 1311 943 1383 per
962 1284 1182 1384 Magistrum
1199 1286 1372 1360 Jacobum
1392 1315 1414 1361 a
1430 1289 1586 1386 Pfhrzen
1609 1288 1647 1362 in
1658 1286 1810 1386 Basilea
1826 1287 1992 1363 elabora·
2015 1331 2020 1344 ·

389 1415 435 1474 te.
462 1399 648 1474 Milefimo
677 1401 975 1502 quingentesimo
1003 1402 1118 1479 sexto.
1146 1403 1232 1478 Deo
1258 1405 1405 1504 gratias.
1433 1405 1544 1480 Char.
1571 1405 1673 1506 goth.
1701 1422 1815 1482 notae
1837 1405 1993 1506 margin.

391 1517 468 1591 loll.¹
489 1518 567 1591 135.
590 1517 652 1591 lin.
671 1525 729 1606 44.
748 1526 782 1607 4.
809 1547 859 1592 cx
878 1519 1087 1594 collectione
1104 1520 1343 1596 Herbizrirna.

581 1679 710 1734 Panzeri
724 1678 829 1771 Annal.
850 1678 982 1754 Typogr.
1003 1681 1037 1736 T.
1045 1678 1072 1736 6.
1089 1699 1119 1758 p.
1132 1675 1195 1736 180.
1214 1680 1252 1735 N.
1262 1692 1308 1754 41.

484 1869 601 1962 74—
612 1867 855 1940 Decretalzitm
875 1865 1035 1940 Domini
1053 1867 1179 1968 Papae
1193 1869 1363 1966 Gregorii
1373 1869 1467 1943 noni
1485 1867 1632 1943 libellus
1653 1885 1827 1943 accurata
1841 1867 1997 1968 diligen-

388 1982 441 2057 tia
457 1983 678 2059 emendatus
700 1983 924 2086 summoque
940 1985 1059 2059 studio
1081 1987 1295 2060 elaboratus
1313 1989 1403 2060 ¹cum
1423 1985 1695 2085 multiplicibus
1722 1983 1859 2058 tabulis
1879 2001 1917 2056 et
1938 2009 1996 2056 re·

387 2100 569 2199 pertoriis
591 2101 637 2174 ad
653 2102 829 2176 materias
849 2129 1094 2204 quascunque
1113 2103 1315 2202 diligenter
1336 2104 1579 2178 inveniendas
1600 2101 1804 2202 aptillimis.
1822 2144 1873 2158 —
1889 2102 1994 2174 Haec

388 2217 430 2290 in
444 2217 570 2292 fronte
589 2249 637 2269 ···
654 2217 718 2292 fol.
740 2219 823 2292 eod.
842 2219 969 2318 operis
997 2217 1125 2293 brevis
1158 2221 1430 2295 commentatio
1447 2263 1496 2278 —
1513 2219 1681 2294 Robrica
1698 2263 1748 2278 -·-
1767 2219 1831 2292 fol.
1856 2246 1887 2292 1.
1912 2217 1997 2315 fign.

389 2333 673 2410 Prohoemium.
697 2335 760 2409 fol.
781 2336 863 2412 318.
886 2336 1222 2436 praeclariffimum
1243 2338 1490 2412 decretalium
1512 2363 1610 2436 opus
1634 2338 1809 2434 Lugduni
1823 2332 2001 2436 nuperri-

393 2478 455 2527 me
477 2451 697 2554 imprellum
716 2479 786 2552 per
809 2452 985 2528 solertem
1010 2454 1140 2544 virum
1157 2454 1331 2528 Jacobum
1354 2457 1471 2528 Saron
1489 2453 1815 2553 pedemontanum
1842 2451 1957 2523 Anno
1978 2475 2000 2524 a

388 2587 503 2670 partu
523 2569 681 2672 virginis
702 2571 900 2647 Millefimo
919 2572 1221 2674 quingenteltmo
1236 2571 1340 2648 sexto
1360 2573 1420 2646 die
1437 2571 1541 2646 sexto
1560 2570 1695 2646 menfis
1714 2567 1910 2662 Februarii
1931 2581 2000 2640 etc.

391 2689 605 2790 Registrum
626 2689 765 2790 inslgne
783 2691 954 2790 Typogr.
973 2692 1007 2766 J.
1028 2691 1066 2766 S.
1086 2691 1235 2768 Tabula
1251 2675 1427 2766 ludovici
1439 2691 1646 2788 Bolognini
1663 2730 1708 2746 -·
1728 2685 1857 2761 versus
1877 2701 1915 2758 et
1932 2684 2001 2758 Ca-

391 2807 514 2908 pitula
529 2805 775 2881 decretalium
788 2807 851 2882 fol.
868 2807 926 2882 31.
945 2834 1023 2884 non
1042 2807 1189 2907 fign-
1207 2808 1319 2883 Char.
1337 2808 1456 2908 gotth.
1474 2806 1608 2907 glollac
1629 2831 1747 2903 marg.
1764 2803 1841 2878 loll.
1862 2803 1944 2901 349.
1963 2801 2001 2873 in

391 2938 475 2997 toto
498 2921 559 2996 lin.
570 2925 628 2996 80.
647 2921 708 2997 fot.
726 2950 803 3023 reg.

582 3083 712 3138 Ponzeri
728 3081 832 3137 Annal.
851 3082 984 3160 Typogr.
1003 3084 1037 3139 T.
1047 3106 1074 3159 7.
1093 3103 1122 3160 p.
1132 3079 1195 3156 284.
1214 3081 1252 3137 N.
1262 3091 1307 3156 74.

493 3271 608 3368 75:—
623 3269 755 3386 ¹Casus,
773 3271 812 3344 in
831 3271 970 3373 quibus
999 3268 1112 3343 index
1132 3268 1306 3344 secularis
1334 3271 1452 3369 potest
1478 3293 1612 3341 manus
1630 3268 1671 3338 in
1690 3265 1868 3368 personas
1892 3265 1999 3338 cleri-

393 3399 528 3464 corum
546 3389 621 3462 line
639 3405 744 3463 metu
763 3387 1135 3482 excomunicationisd
1145 3387 1346 3484 imponere
1365 3426 1416 3442 -
1434 3384 1480 3458 de
1491 3381 1699 3484 privilegiis
1723 3381 2002 3456 clericorum-

396 3507 443 3582 de
461 3507 814 3605 exceptionibus-
839 3505 887 3580 de
906 3504 1120 3578 carceribus
1138 3547 1187 3562 —
1205 3503 1252 3577 de
1273 3501 1465 3576 alimentis*
1480 3541 1525 3556 -
1542 3503 1646 3575 Haec
1672 3499 1713 3574 in
1733 3499 1858 3573 fronte
1876 3541 1920 3555 -
1932 3497 1994 3570 [ol.

396 3625 533 3699 eodem
554 3623 678 3722 imago
696 3625 737 3697 Β.
754 3623 924 3723 Virginis
943 3607 1144 3696 Marrbe-
1162 3621 1223 3694 fol.
1247 3649 1269 3692 2
1288 3619 1475 3718 incipiunt
1495 3616 1596 3691 casus
1614 3617 1676 3692 fot.
1700 3619 1758 3691 31.
1777 3617 1845 3700 lin.
1861 3616 1920 3688 26.
1933 3640 1998 3689 ex·

397 3741 507 3842 plicit
530 3757 710 3816 tractatus
727 3740 774 3816 de
793 3740 980 3814 alimentis
1004 3739 1130 3815 editus.
1146 3743 1216 3840 per
1241 3723 1454 3812 Dominum
1482 3735 1697 3809 Bartholum
1719 3736 1845 3833 legum
1867 3733 1998 3804 docto-

393 3872 481 3934 rem
502 3860 675 3932 Coloniae
697 3857 891 3958 imprellus
910 3883 980 3957 per
994 3883 1056 3932 me
1069 3858 1277 3932 Johannem
1294 3855 1447 3928 Landen
1464 3867 1769 3926 commorantem
1781 3851 1878 3924 infra
1889 3850 1995 3921 XVI.

399 3973 544 4052 domos.
572 3978 688 4050 Anno
709 3974 978 4052 incarnationis
999 3975 1203 4050 Dominice
1220 3972 1498 4048 MCCCCCVI.
1521 3971 1589 4045 Xl.
1611 3969 1672 4046 die
1692 3967 1923 4044 Novembris
1940 3966 1972 4042 8.

591 4136 720 4192 Panaeti
733 4134 837 4194 Annal.
856 4135 987 4209 Typogr.
1009 4135 1044 4190 Τ.
1057 4133 1083 4190 6.
1102 4153 1131 4210 p.
1142 4132 1205 4202 360.
1223 4133 1262 4188 N.
1273 4125 1334 4186 ud.
1431 4146 1438 4162 ¹

491 4323 617 4418 .76‚-·
636 4325 679 4396 In
697 4323 769 4398 hoo
798 4327 907 4400 Codri
924 4324 1101 4398 volumine
1125 4321 1220 4398 haec
1247 4317 1511 4393 continentur:
1535 4317 1740 4392 Orationes
1768 4313 1832 4388 seu
1859 4311 2000 4388 lermo-

402 4465 531 4514 nes-
548 4441 731 4539 Epistolae
748 4484 796 4498 —
818 4443 956 4542 Sylvae
972 4485 1021 4500 -
1038 4441 1197 4540 Satyrae
1219 4477 1266 4493 -
1283 4436 1448 4536 Eglogae
1466 4477 1513 4492 -·-
1530 4435 1882 4536 Epigrammata-
1897 4431 2001 4506 Haec

405 4557 445 4631 in
462 4545 588 4631 fronte
604 4556 667 4630 fol.
689 4557 771 4632 eod.
792 4558 958 4659 Phihppi
969 4559 1149 4632 Beroaldi
1156 4553 1318 4658 junioris
1334 4553 1496 4652 Epistola
1514 4551 1560 4627 ad
1578 4551 1663 4625 Ant.
1683 4553 1893 4626 Galeactiim
1907 4549 1999 4621 Pro-

403 4691 483 4749 not.
501 4676 627 4774 Apoll.
639 4717 682 4732 -
698 4675 761 4747 fol.
779 4671 902 4748 sermo
919 4675 1124 4774 primus-
1138 4674 1200 4748 fot.
1221 4699 1275 4768 72.
1295 4671 1357 4743 lin.
1380 4669 1443 4773 36.ι
1458 4693 1555 4768 opus
1578 4671 1687 4742 Codri
1704 4665 1920 4766 imprcllum
1937 4665 2000 4734 Ve-

405 4796 514 4869 neriis
536 4789 714 4868 mandato
744 4807 782 4868 et
810 4789 983 4892 impenfis
1012 4791 1113 4866 Petri
1132 4787 1384 4888 Lichtcnstcyn
1413 4781 1645 4860 Colonienlis
1666 4779 1860 4887 Germani.
1884 4779 1999 4852 Anno
