4694 5878
689 581 691 586 ’
772 548 1014 670 cernendus
1039 603 1413 668 srnnronnnrmcus
1438 605 1515 666 un.
1771 597 1772 602 ‘
1868 620 1933 693 ¹97

340 789 405 864 sol.
419 791 497 864 181.
510 789 545 862 b.
555 775 734 863 ¹odditum
749 792 798 862 eli
807 785 1320 890 HrismnymiSalai‘saventini
1339 784 1380 858 in
1390 783 1573 860 invidiam
1584 809 1786 860 carmen—
1797 786 1937 886 inslgne

337 921 488 1007 typogr.
506 904 574 979 lin.
593 906 636 980 Z.
655 903 765 979 T.de
783 905 939 979 demum
961 903 1157 1002 registrum
1183 902 1290 977 euius
1308 902 1425 978 verba
1448 901 1582 976 finalia.
1608 901 1672 976 lin.
1691 902 1748 977 58.
1772 904 1935 1002 consola·

332 1039 411 1095 tar:
438 1019 600 1120 recenfit.
626 1021 739 1096 Char.
759 1047 856 1096 rom.
874 1017 1099 1118 splendidus.
1118 1045 1207 1094 cum
1225 1019 1311 1118 sign.
1336 1021 1454 1121 epigr.
1478 1020 1556 1094 soll.
1578 1019 1657 1094 181.
1675 1025 1760 1096 'non
1784 1047 1932 1128 numer.

272 1147 277 1158 '
334 1140 397 1216 lin.
415 1141 472 1216 60.
492 1139 531 1213 in
547 1165 684 1214 comm.
701 1140 741 1213 in
757 1153 866 1212 textu
884 1136 1048 1210 diversae
1067 1136 1091 1210 s.

527 1314 1606 1394 Pomertmsl.Typogr.T.5.p.47s.N.2621.Matre.p.714.Not.5.
1692 1277 1695 1284 ⁴

929 1660 1043 1756 Sine
1065 1662 1195 1756 Nota
1219 1660 1348 1756 anni.

431 1919 515 2018 629.
540 1957 595 1978 -·
613 1919 801 1994 Sermones
822 1917 869 1992 de
887 1914 1021 2002 sanctis
1041 1933 1079 1991 et
1091 1931 1267 2016 tempore
1282 1955 1330 1972 -
1347 1915 1451 1991 Haec
1467 1916 1506 1990 in
1520 1883 1650 1992 lronte
1666 1957 1715 1976 -
1733 1917 1798 1993 fol.
1816 1941 1850 1993 2.
1876 1943 1936 1994 re·

335 2036 488 2134 gistrum
501 2036 740 2130 sermonum.
760 2037 825 2110 fol.
852 2063 905 2109 12.
930 2030 1119 2134 incipiunt
1143 2031 1336 2108 sermones
1362 2073 1411 2094 ·-
1432 2033 1497 2110 sol.
1521 2033 1598 2109 103.
1618 2033 1811 2110 sermones
1831 2051 1939 2112 nota·
2053 2053 2055 2058 '

333 2151 426 2228 biles
444 2170 482 2230 et
507 2154 686 2229 formales
712 2153 875 2253 magistri
896 2152 1042 2225 Albani
1056 2153 1189 2250 magni
1201 2150 1344 2224 ordinis
1361 2149 1670 2250 praedicatorum
1696 2153 1939 2254 de'tempore

334 2285 375 2344 et
386 2269 520 2347 sanctis
541 2297 612 2372 per
627 2271 746 2347 totius
771 2271 859 2346 anni
882 2269 1067 2345 circulum
1082 2285 1120 2344 et
1136 2269 1252 2344 etiarn
1270 2267 1368 2344 bene
1386 2269 1565 2369 registrati
1584 2269 1788 2344 secundum
1812 2269 1940 2371 alphe-

298 2405 301 2414 '
333 2387 412 2462 beti
441 2389 626 2465 ordinem.
655 2387 823 2488 Imprelli
846 2413 917 2490 per
944 2387 1145 2461 Iohannem
1171 2387 1312 2460 Zazner
1328 2386 1367 2460 in
1394 2386 1538 2487 oppido
1562 2385 1642 2459 (Hm
1665 2387 1803 2461 finiunt
1822 2385 1940 2461 selici·

332 2519 394 2578 ter
409 2545 451 2564 -
469 2506 532 2580 fol.
548 2512 625 2595 104.
643 2505 831 2604 Prologus
845 2502 1065 2579 sermonum
1082 2504 1129 2577 de
1145 2519 1321 2601 tempore
1339 2545 1385 2560 -
1401 2503 1464 2577 sol.
1485 2503 1567 2576 235.
1589 2503 1652 2577 lin.
1670 2503 1728 2578 38.
1745 2501 1936 2578 sermones

332 2619 383 2694 de
399 2637 575 2722 ternpore
592 2622 966 2723 Albern‘magniper
980 2621 1183 2696 Iohannem
1201 2622 1342 2698 Zaaner
1357 2619 1460 2693 Ulme
1476 2619 1640 2721 impressi
1662 2621 1801 2696 finiunt
1817 2619 1935 2696 felici-

333 2753 395 2813 ter
411 2755 482 2814 etc.
511 2739 622 2815 Char.
642 2739 745 2839 goth.
766 2722 840 2814 line
856 2740 942 2840 slgn.
963 2744 1048 2814 eust.
1066 2737 1141 2812 soll.
1165 2737 1248 2812 235.
1268 2737 1332 2811 lin.
1350 2743 1409 2827 4ο.
1426 2736 1452 2811 s.

529 2899 658 2954 Pamerr'
673 2895 781 2954 Annei.
801 2897 933 2975 Typogr.
953 2897 1025 2955 M.
1036 2897 1139 2974 954¹·
1153 2895 1191 2954 N.
1202 2892 1249 2956 58.
1271 2895 1361 2973 Zaps.
1383 2897 1419 2981 L.
1431 2917 1454 2953 e
1473 2915 1502 2972 p.
1516 2895 1576 2968 137.

431 3145 514 3220 630.
541 3187 589 3204 -
613 3145 723 3242 Casus
741 3143 901 3246 Papulas
919 3143 1157 3249 Episcopales
1177 3165 1216 3224 et
1232 3147 1458 3224 Abbatiales.
1476 3172 1564 3220 cum
1581 3146 1741 3246 imagine
1760 3148 1862 3247 ligno
1881 3149 1938 3222 in·

335 3263 406 3338 cisa
427 3263 468 3337 B.
481 3262 682 3362 Virginem
699 3289 788 3338 cum
807 3263 949 3338 infante
965 3265 1278 3364 repraesentante.
1300 3307 1348 3322 -
1365 3265 1470 3339 Haec
1487 3263 1527 3336 in
1545 3263 1681 3337 fronte.
1700 3307 1748 3324 -·
1771 3264 1834 3337 sol.
1852 3292 1880 3337 ι.
1898 3265 1935 3368 b.

292 3385 297 3392 '
334 3379 467 3453 eadem
486 3379 622 3478 imago.
645 3423 694 3438 -
711 3381 774 3467 sol,
795 3399 828 3453 2
846 3381 1035 3479 incipiunt
1052 3379 1154 3454 casus
1170 3381 1334 3479 papales.
1353 3417 1400 3439 -
1422 3378 1486 3453 sol.
1503 3379 1536 3452 8.
1558 3379 1620 3452 lin.
1636 3405 1694 3453 21.
1716 3379 1855 3453 liniunt
1874 3405 1933 3454 ca-

330 3495 389 3568 sus
413 3498 586 3598 papales,
614 3495 843 3598 episcopales
871 3513 910 3570 et
929 3495 1147 3570 Abbatiales
1173 3495 1337 3596 impressi
1371 3495 1544 3566 Coloniae
1566 3519 1637 3592 per
1661 3495 1857 3570 Mannum
1890 3497 1937 3570 de

343 3613 518 3685 Werdena
536 3611 576 3686 in
586 3611 671 3686 vico
683 3611 875 3712 Burgense
888 3637 1012 3712 prope
1030 3610 1189 3686 domum
1204 3610 1426 3686 consulatus.
1447 3609 1591 3684 ibidem
1613 3610 1723 3686 Char.
1745 3613 1847 3711 goth.
1862 3611 1936 3688 slne

331 3729 467 3804 custod.
490 3744 528 3804 et
545 3728 623 3804 soll.
641 3731 728 3829 fign.
745 3730 779 3804 8.
799 3729 889 3803 min.
915 3729 979 3802 Ea
995 3728 1206 3802 collectione
1226 3726 1463 3802 Herbr'zaana.

526 3908 676 3963 Panzerus
693 3906 822 3980 quinque
840 3908 873 3962 in
889 3907 996 3963 Annei.
1016 3869 1149 3984 Typogr.
1169 3907 1253 3962 Tom.
1264 3906 1292 3962 5.
1313 3905 1439 3962 diversas
1455 3907 1511 3960 line
1527 3906 1594 3962 loeo
1609 3921 1636 3962 et
1652 3924 1728 3961 nuno
1746 3905 1890 3962 editiones
1906 3909 1937 3960 in

623 3997 672 4068 lto
690 3995 821 4064 exhibet,
839 3997 925 4054 buius
940 4017 1010 4054 vero
1028 4019 1130 4074 nempe
1143 3997 1314 4056 boloniensis
1329 3995 1412 4054 nullo
1428 3997 1460 4053 lit
1478 3999 1597 4053 mentio.

294 4343 298 4349 Ι
429 4243 511 4320 631.
537 4245 757 4320 --Summa
773 4247 958 4323 Jolrannis
974 4248 1120 4322 Andree
1135 4247 1246 4350 super
1261 4265 1387 4352 quarto
1406 4245 1636 4324 decretalzitm
1651 4273 1748 4347 quae
1766 4246 1830 4321 etsi
1851 4248 1935 4323 bre·

334 4362 391 4436 ris
407 4366 455 4437 est
473 4362 598 4438 verbis
616 4363 785 4470 utilitate
797 4382 925 4442 tamen
940 4366 1052 4466 longe
1068 4365 1172 4451 latis,
1188 4393 1308 4467 quare
1322 4364 1403 4441 aliis
1421 4363 1574 4438 summis
1591 4363 1864 4462 prolixioribus
1880 4363 1937 4439 iu-

336 4479 501 4556 revenit
525 4481 588 4555 ista
612 4483 884 4566 commoditate
907 4483 1173 4584 anteponenda
1193 4483 1297 4583 quod
1318 4509 1364 4556 ex
1389 4481 1541 4556 lectoris
1566 4480 1663 4554 bene
1693 4480 1935 4578 intelligentis

338 4595 480 4670 indicio
496 4599 814 4674 committendum
832 4601 1078 4702 relinquitur:
1089 4643 1138 4658 -
1153 4601 1258 4674 Haec
1278 4600 1319 4673 in
1338 4602 1528 4674 fronte-
1546 4595 1623 4672 foll.
1646 4624 1697 4671 11.
1723 4598 1785 4672 lin.
1796 4623 1853 4671 21.
1869 4621 1936 4670 ern

332 4709 461 4814 ¹splicit
476 4715 623 4793 Tabula
642 4715 847 4818 praesentis
870 4716 1038 4798 summae
1061 4719 1217 4794 Ioannis
1235 4717 1382 4793 Andree
1404 4757 1448 4780 -
1472 4709 1635 4804 Colonia,
1657 4714 1719 4790 fol.
1739 4713 1763 4788 s.
1783 4739 1835 4787 12.
1851 4739 1883 4790 a.
1898 4727 1938 4788 et
