4706 5868
778 685 1019 756 crrrnoaos
1045 671 1420 773 annoanlrrncua
1445 699 1599 784 rcnxrv.
1949 695 1995 790 7⁵

398 877 597 950 Trebatium
616 873 678 949 lib.
698 902 727 949 r.
744 873 925 950 Eiusdem
942 875 1131 949 oratoriae
1149 876 1505 974 partitioneslflau
1526 915 1574 934 -
1587 877 1774 954 Eiusdem
1783 883 1830 958 d‘e
1845 886 1995 986 optimo

388 1021 527 1094 genere
546 1008 745 1066 oratorum
761 991 945 1090 praelatio
966 990 1163 1090 quaedam.
1179 991 1381 1090 -inllgne
1403 991 1597 1068 Aldinum.
1613 1036 1665 1052 —
1681 996 1755 1070 hoc
1767 999 1864 1074 libro
1878 1003 1994 1076 etiarn

387 1111 616 1212 pontificum
634 1111 867 1194 Alexandn',
882 1109 996 1192 Julii,
1014 1135 1056 1184 ac
1065 1109 1201 1182 Leonis
1219 1109 1375 1186 demum
1394 1109 1706 1212 decretionequia
1726 1113 1820 1188 alius
1836 1118 1994 1217 usquam

388 1231 566 1302 locorum
583 1227 739 1326 impune
755 1226 969 1328 imprimat,
991 1241 1144 1300 cautum
1163 1229 1222 1299 est.
1238 1269 1285 1285 -
1304 1225 1367 1300 iol.
1380 1229 1462 1315 245.
1479 1225 1541 1300 lin.
1562 1229 1616 1302 16.
1640 1229 1812 1303 Venetr'rlr'
1825 1231 1865 1306 in
1891 1235 1992 1308 aedi·

388 1345 460 1432 hup
479 1345 622 1418 Aldiet
636 1344 806 1416 Andreae
829 1341 960 1417 Soceri
979 1341 1103 1416 mense
1119 1342 1262 1416 Martio
1290 1343 1343 1414 Μ.
1356 1343 1404 1416 D.
1414 1342 1621 1445 x1V.,feq.
1647 1349 1914 1426 correctiones.
1942 1393 1991 1411 -

392 1459 503 1539 Char.
521 1460 581 1535 lat.
600 1459 677 1534 loll.
695 1460 777 1548 245.
798 1457 886 1558 llgn.
899 1485 933 1558 9.
952 1457 1026 1531 fine
1044 1459 1225 1532 numeris.
1243 1457 1306 1533 lin.
1325 1459 1382 1557 39.
1403 1460 1436 1533 8.

576 1599 705 1656 Panzorr‘
724 1597 830 1670 Annol.
849 1597 981 1672 Typogr.
1000 1597 1035 1655 T·
1043 1591 1072 1651 8.
1091 1605 1194 1672 p.420.
1214 1597 1316 1654 Maia.
1333 1593 1432 1655 lnd.1.
1448 1597 1556 1676 110262.
1581 1603 1661 1660 Serio
1678 1601 1746 1658 dell'
1765 1601 1893 1662 edizioni
1908 1607 1991 1664 Aldi-

678 1707 714 1743 ne
728 1708 758 1763 p.
766 1688 812 1745 36.
821 1687 859 1744 N.
868 1703 894 1742 2.

481 1841 628 1933 2‘15.-
651 1856 883 1959 Quaestrbnes
906 1855 1152 1960 Qualibetales
1172 1883 1219 1932 ex
1244 1873 1410 1958 quatuor
1430 1859 1700 1938 sententiarum
1717 1864 1991 1944 voluminibus

386 1977 589 2051 aDoctore
609 1974 841 2070 subtilill'rmo
860 1974 960 2048 edite
978 1975 1119 2049 Ioanne
1136 1976 1364 2060 Dans-Scato
1381 1976 1525 2052 ordinis
1545 1978 1746 2056 Minorum
1762 2009 1804 2056 ac
1820 1985 1990 2060 Theolo-

384 2118 522 2192 gorum
540 2093 714 2167 omnium
734 2092 906 2192 principe
924 2093 1094 2164 Landari
1107 2091 1262 2190 pristino
1278 2092 1445 2166 restitute
1468 2094 1514 2168 ab
1535 2096 1676 2172 eximio
1696 2097 1855 2176 doctore
1876 2103 1991 2176 Anto-
2111 2129 2117 2140 ·

379 2213 443 2282 m'o
462 2210 509 2284 de
525 2212 652 2284 Fontis
669 2207 876 2284 Tarvifino.
897 2211 924 2307 ’s
946 2209 1099 2282 Nicolm'
1114 2206 1270 2280 Ardeati
1286 2208 1420 2306 Cyprii
1443 2210 1670 2288 Carmelitae
1694 2214 1785 2289 sacri
1812 2215 1990 2293 Luminis

378 2325 596 2424 profelloris
620 2342 784 2426 terraeq.
808 2323 955 2399 lanctac
982 2323 1229 2398 Provincialis
1257 2325 1423 2406 Carmen
1440 2343 1512 2400 etc.
1538 2369 1583 2386 -
1611 2331 1714 2405 Haec
1735 2333 1774 2406 in
1796 2332 1923 2408 fronte
1941 2377 1991 2394 ·-

378 2442 543 2517 f01.232.
566 2443 629 2516 lin.
648 2468 706 2541 29.
724 2442 819 2514 finis.
838 2438 1056 2538 imprellum
1082 2441 1238 2512 Wnetri's
1259 2466 1329 2539 per
1347 2441 1555 2538 Garganum
1576 2444 1623 2518 de
1655 2447 1840 2544 Gregorri's
1871 2451 1987 2526 Anno

377 2558 523 2631 domini
553 2561 604 2634 M.
617 2558 792 2632 CCCCC.
806 2559 911 2630 XlV.
939 2555 999 2629 die
1018 2559 1114 2629 Vll.
1131 2556 1267 2629 Menfis
1298 2555 1453 2657 Aprilis.
1489 2559 1709 2658 Registrum.
1738 2564 1850 2639 Char.
1880 2553 1985 2665 goth.

377 2699 466 2757 curn
483 2673 583 2774 gloff.
602 2701 719 2774 marg.
740 2674 817 2748 foll.
837 2674 918 2746 252.
938 2698 1018 2746 non
1034 2671 1119 2770 lign.
1138 2673 1202 2745 lin.
1221 2673 1278 2746 66.
1301 2671 1325 2746 f.
1872 2667 1875 2680 ’

565 2813 669 2870 Editio
696 2831 749 2868 nec
766 2831 784 2868 a
800 2813 971 2869 Maittairr'o
994 2830 1048 2867 nec
1074 2829 1090 2868 a
1114 2813 1246 2866 Ponaero
1265 2812 1408 2890 recenfita.
1435 2813 1577 2884 rariffima
1601 2811 1695 2872 acllrue
1718 2818 1762 2873 ni
1778 2838 1830 2887 aa,
1854 2840 1927 2896 quae
1944 2823 1986 2880 [ο-

601 2923 606 2932 ·
661 2921 770 2980 qurtnr.

373 3139 378 3146 .
471 3076 556 3150 216.
573 3114 623 3132 -
650 3061 897 3175 Chnstophon'
914 3073 1061 3146 Schurli
1079 3074 1113 3148 J.
1133 3073 1182 3149 U.
1204 3071 1385 3150 Doctoris
1414 3074 1588 3150 Libellus*
1608 3076 1655 3151 de
1678 3079 1915 3157 sacerdotum
1941 3113 1984 3160 ac

374 3218 505 3268 rerum
522 3192 844 3270 ecclefiasticarum
861 3190 1101 3292 praestantia,
1118 3208 1198 3266 tarn
1217 3191 1422 3268 christianis
1446 3221 1563 3295 quam
1587 3195 1749 3270 ethnicis
1778 3202 1981 3302 exemplis,

374 3311 523 3385 abunde
543 3311 798 3386 demonllrans
822 3311 894 3383 deo
915 3309 1045 3384 dicatis
1063 3308 1174 3383 bonis
1192 3308 1258 3382 lub
1275 3308 1585 3384 interminatione
1602 3310 1721 3404 suturi
1744 3329 1782 3386 et
1799 3316 1982 3412 presentia

367 3429 500 3525 judicii
519 3429 621 3503 laicis
639 3427 898 3502 abstinendum
916 3427 996 3500 lore
1013 3442 1127 3524 atque
1144 3422 1389 3524 parcendum.
1422 3425 1592 3501 Clericoa
1609 3444 1737 3503 autern
1763 3429 1877 3504 etiam
1904 3459 1983 3508 ma-

369 3545 427 3618 los
445 3545 709 3620 honorandos:
729 3561 767 3618 et
784 3569 872 3618 cum
892 3569 1028 3616 eorum
1043 3541 1156 3614 bonis
1177 3573 1184 3614 :
1214 3539 1344 3614 divino
1366 3567 1410 3613 ac
1428 3541 1597 3616 humano
1618 3543 1703 3639 jure
1728 3545 1774 3617 ab
1802 3547 1979 3624 omnibua

366 3662 641 3735 exactonnibua
662 3676 702 3734 et
720 3659 943 3734 uulneribus
959 3659 1010 3730 ita
1026 3658 1215 3732 immunes
1232 3657 1320 3729 elle:
1342 3672 1386 3729 ut
1403 3657 1457 3732 eia
1475 3674 1540 3732 aut
1553 3658 1609 3732 rei
1629 3661 1865 3771 ecclefiaflice
1882 3665 1980 3740 iniu-

368 3779 509 3854 riantes
532 3779 732 3854 anathema
754 3777 841 3850 fint:
860 3791 898 3850 et
915 3776 1143 3874 plerumque
1163 3774 1403 3858 malamorte
1424 3790 1593 3873 pereant.
1633 3777 1751 3873 Quod
1774 3796 1812 3852 et
1828 3781 1977 3856 inscribi

361 3895 505 3993 placuit
526 3894 768 4000 sacerdotum
785 3889 1049 3964 delenlorium.
1067 3931 1116 3946 -
1143 3891 1247 3964 Haec
1266 3889 1394 3964 omnia
1409 3891 1448 3964 in
1462 3891 1589 3966 fronte
1606 3933 1656 3954 -
1685 3893 1802 3969 limbo
1822 3897 1978 3972 decora·

364 4025 414 4084 ta
430 4051 481 4067 -
495 4009 558 4082 iol.
577 4009 660 4092 eod,
681 4007 715 4082 b.
738 4005 924 4080 dedicatio
951 4004 1142 4077 Scheuren'
1164 4007 1211 4080 ad
1237 4008 1338 4079 Ioan.
1359 4005 1516 4081 Scheurl.
1539 4035 1618 4083 can.
1642 4011 1912 4087 Uratislavens.
1929 4025 2001 4074 -“

362 4119 701 4228 lol.1'3.b.lin.'24.
724 4122 878 4225 excultis
895 4125 946 4196 cll
969 4123 1157 4220 Hagenan
1184 4147 1250 4198 ere
1275 4124 1528 4222 Conradr‘hrst.
1548 4151 1618 4224 per
1642 4127 1837 4202 Hennaum
1864 4132 1974 4208 Gran.

366 4245 482 4318 Anno
498 4242 624 4318 salutis
637 4246 789 4316 nostrae
807 4241 1033 4333 M.,D.X1v.
1056 4238 1181 4315 mense
1200 4243 1448 4342 Septembris.
1469 4243 1582 4319 Char.
1599 4245 1701 4342 goth.
1717 4245 1794 4320 foll.
1818 4246 1871 4321 13.
1894 4275 1974 4325 non

366 4361 452 4460 llgn.
475 4361 537 4434 lin.
555 4367 612 4451 42.
628 4368 662 4454 4.

557 4500 687 4556 Panaeti
698 4497 805 4554 Annal.
822 4499 954 4571 Typogr.
965 4497 1009 4554 -Τ,
1021 4519 1048 4570 7.
1067 4517 1096 4572 p.
1107 4493 1151 4572 78.
1169 4495 1207 4554 N.
1217 4509 1262 4573 9²·

288 4667 295 4704 ⁹
462 4681 545 4751 217.
560 4693 611 4710 -
635 4654 783 4751 Erasmi
802 4618 1323 4762 anatoliani-Parabolarum
1347 4633 1420 4727 live
1434 4651 1633 4728 similium
1651 4654 1756 4730 liber.
1782 4683 1870 4732 cum
1889 4601 1971 4733 l'ri-

365 4770 504 4870 vilegio
527 4769 714 4873 imperiali
731 4769 777 4846 ad
792 4769 1086 4848 sexennium-
1110 4769 1215 4846 Haec
1231 4770 1273 4846 in
1288 4770 1414 4848 lronle
1430 4811 1480 4834 ·-
1505 4770 1571 4846 fol.
1596 4773 1679 4849 eod.
1707 4773 1742 4848 b.
1765 4774 1859 4850 Eius
1881 4777 1970 4874 Epi

1501 4907 1586 4982 Ka
