4706 5868
366 621 370 628 ·
389 584 436 657 62
771 601 1029 700 ¹caracocus
1051 599 1438 658 stauoonarfflcos.
1451 599 1591 659 nnxn.

393 793 577 879 quuntur..
591 779 816 856 Additiones
840 808 919 856 non
940 779 1274 879 nullae‘prioribus
1292 796 1361 854 etc.
1380 822 1427 838 -
1445 778 1605 851 f012155.
1624 774 1720 848 linis.
1751 774 1863 848 Char.
1891 777 1998 874 goth:

249 927 252 934 ²
393 895 463 970 litt.
482 921 598 995 marg.
614 897 691 970 soll.
713 899 792 969 155.
806 925 886 971 non
904 898 991 996 stgn.
1016 897 1078 969 lin.
1100 903 1159 992 47.
1177 903 1210 984 4.

581 1033 684 1090 Editio
700 1033 772 1090 baec
788 1033 928 1090 rariffirna
944 1055 961 1090 a
979 1031 1234 1112 praestantioribus
1251 1032 1386 1090 Anatilii
1399 1033 1564 1090 hucusdum
1582 1053 1640 1090 non
1659 1035 1802 1090 recensita.

502 1188 505 1199 Ι
560 1265 565 1274 .
583 1203 663 1276 180.
681 1243 731 1264 ·-·
745 1203 1004 1302 Meteorologia
1023 1203 1226 1299 Aristotelis
1241 1203 1410 1301 Eleganti
1431 1197 1908 1302 IacobiFabriStapuIenfi's
1922 1199 1992 1274 Pa-

389 1320 555 1419 raphrasr
583 1322 802 1419 explanata:
836 1320 1187 1420 commentatioque
1205 1321 1359 1392 Ioannis
1382 1318 1558 1392 Cochloei
1577 1318 1709 1393 Norici
1736 1317 1997 1392 declararant

391 1437 537 1512 soelicis
562 1438 601 1509 in
616 1437 878 1538 philosophiae
897 1437 1022 1510 studiis
1049 1436 1227 1512 successus
1246 1437 1531 1535 calcographiae
1553 1437 1629 1510 iam
1647 1436 1818 1535 primum
1840 1434 1993 1510 deman-

393 1554 488 1628 data:
510 1597 553 1611 —
584 1557 678 1626 scon
693 1554 991 1654 hemispherium
1007 1554 1299 1652 repraesentans.
1316 1597 1363 1611 ··-
1377 1553 1596 1626 ‚Chelidonii
1607 1553 1807 1653 Musophz'li
1818 1552 1928 1650 Episl.
1948 1548 1996 1624 ad

392 1673 586 1744 lectorem.
604 1670 769 1744 Disticha
794 1671 974 1772 quinque.
996 1703 1043 1728 ³-
1067 1671 1172 1745 Haec
1199 1671 1328 1744 omnia
1352 1670 1390 1742 in
1418 1670 1554 1744 sronte.
1576 1713 1618 1726 -
1647 1673 1928 1768 Argumentum
1956 1667 1996 1740 in
2142 1727 2147 1735 .

393 1805 472 1862 tres
492 1787 608 1860 libros
628 1789 903 1862 Meteororum.
915 1832 964 1844 —
979 1785 1155 1880 Cocdldei
1170 1787 1331 1886 Epistola
1347 1787 1394 1863 ad
1406 1787 1491 1878 Ant.
1511 1789 1618 1884 Kress
1630 1789 1713 1861 Jur.
1731 1788 1995 1860 Ductorem·-

392 1904 459 1980 sol.
476 1911 534 2002 94.
550 1904 613 1978 lin.
632 1930 690 2003 29.
708 1905 862 2004 explicit
877 1907 1137 2004 Meteorologia
1152 1901 1356 1999 Arestoteliit
1370 1949 1420 1962 -
1436 1903 1610 2004 impressa
1624 1904 1872 2000 Norinbergae
1887 1902 1926 1974 in
1939 1900 1997 1974 os-

307 2089 309 2112 1
392 2021 504 2096 licina
520 2023 697 2094 Friderici
716 2021 876 2122 Peypuſs.
897 2025 1012 2097 Anno
1038 2015 1162 2096 salutis
1190 2021 1529 2096 M.CCCCC.Xll.
1558 2021 1692 2094 Tertio
1718 2016 1801 2092 idus
1829 2021 1996 2090 Novem-

388 2137 484 2212 bris.
503 2180 553 2194 -—
571 2138 730 2212 Tabulla
745 2138 980 2238 alphabetico
996 2183 1046 2198 -·-
1062 2157 1100 2214 et
1118 2139 1193 2214 foll.
1206 2166 1264 2237 99.
1286 2140 1322 2212 b.
1351 2139 1585 2212 decasticbon
1611 2136 1787 2210 Cochlaei
1804 2136 1842 2208 in
1862 2133 1997 2231 Aristo·

391 2257 509 2338 telem,
528 2295 573 2316 -·
595 2256 741 2353 repulsa
761 2257 881 2330 datur.
906 2255 1016 2330 Char.
1032 2257 1094 2330 lat.
1113 2257 1241 2356 grand.
1263 2273 1300 2331 et
1325 2255 1456 2330 minus.
1476 2255 1552 2330 soll.
1569 2255 1655 2354 fign.
1673 2262 1732 2354 94.
1757 2254 1798 2330 in
1824 2269 1906 2329 toto
1936 2277 1994 2351 99.

395 2371 458 2446 lin.
478 2370 557 2444 soll.
573 2372 640 2445 ult.
660 2399 717 2470 99.
734 2372 768 2444 b.
792 2400 845 2446 11.
863 2380 896 2462 4.
916 2375 980 2444 Ee
996 2375 1205 2452 collectione
1220 2375 1457 2474 Herbrlzz’ana.

581 2512 710 2568 Ponzcri
728 2510 833 2566 Annas.
854 2512 985 2586 Typogr.
1003 2515 1037 2568 T.
1048 2534 1075 2587 7.
1095 2513 1198 2588 p.452.
1218 2513 1256 2570 N.
1266 2509 1313 2570 88.

489 2680 567 2751 181.
585 2721 635 2734 -
651 2677 712 2751 De
728 2663 973 2778 scriptoribus
993 2680 1238 2756 ecclesiasticis
1268 2682 1504 2758 dissertissimi
1525 2683 1597 2758 viri
1625 2681 1806 2756 Iohannis
1830 2678 1876 2753 de
1908 2677 1996 2750 Trit-

386 2795 529 2868 tenhem
549 2794 703 2867 Abbatz‘s
725 2796 1002 2895 «spanhemensis
1021 2799 1067 2873 de
1085 2800 1330 2900 scriptoribus
1350 2791 1860 2876 ecclefiatticis'collectanea:
1892 2794 1995 2870 addi-

387 2911 435 2986 tis
451 2938 530 2984 non
550 2912 744 2985 nullorum
760 2914 1036 2990 recentioribus
1056 2917 1145 2990 vitis
1168 2914 1208 2990 et
1227 2919 1467 3004 nominibus,
1484 2917 1550 3018 qui
1571 2911 1719 3014 scriptis
1743 2913 1816 2987 suis
1834 2914 1904 2988 hac
1926 2938 1994 2996 no-

384 3031 456 3101 stra
470 3030 696 3127 tempestate.
706 3029 883 3104 clariores
903 3029 1109 3106 evaserunt.
1129 3033 1273 3130 Insigne
1291 3035 1543 3133 Typographi
1563 3035 1605 3105 Β.
1616 3035 1660 3106 R.
1677 3077 1726 3089 -
1745 3048 1782 3104 et
1801 3029 1909 3105 insra.
1928 3055 1993 3102 ve-

269 3206 274 3214 .
384 3144 618 3218 numdantur
638 3143 832 3219 Parrhislis
852 3147 934 3246 (ubi
952 3147 1168 3252 impressus)
1197 3178 1218 3224 a
1242 3151 1418 3249 Magistro
1445 3149 1643 3224 Benholdo
1671 3147 1841 3221 Hembolt
1855 3163 1924 3220 etc.
1944 3188 1995 3203 -

384 3258 490 3338 Haec
505 3261 544 3334 in
564 3261 690 3334 sronte
707 3303 758 3317 -
772 3261 842 3335 litt.
860 3264 1125 3366 rubro-nigris.
1143 3267 1206 3340 sol.
1232 3268 1315 3342 eod.
1337 3309 1387 3325 —
1411 3267 1574 3366 Epistola
1603 3265 1729 3339 sratris
1751 3261 1830 3335 soh.
1854 3265 1899 3334 de
1917 3262 1993 3334 La·

379 3365 466 3480 pz'de
503 3377 548 3452 ad
576 3375 624 3452 D.
662 3376 807 3453 totana
840 3379 886 3454 de
919 3382 1170 3456 Ammerbach.
1199 3384 1416 3485 Subscripta
1444 3382 1619 3480 Basileae
1646 3409 1680 3454 v.
1708 3377 1859 3453 Calend.
1884 3377 1990 3477 Sept.

384 3496 703 3569 MCCCCXCIV.
727 3539 769 3552 ·-
799 3496 862 3571 sol.
886 3525 969 3573 220.
1002 3500 1068 3574 lin.
1099 3501 1153 3573 13.
1177 3502 1261 3574 finis
1286 3501 1372 3575 libri
1398 3502 1445 3575 de
1471 3499 1719 3600 scriptoribus
1746 3493 1990 3570 ecclestaslicis
2024 3495 2026 3498 ’

387 3611 620 3686 dissertissimi
645 3614 763 3712 patris
787 3614 946 3689 Domini
977 3616 1158 3690 Iohannis
1191 3617 1389 3690 Ttstenhem
1417 3617 1560 3693 abbatis
1588 3611 1877 3716 Spanhemensls
1902 3637 1991 3686 cum

384 3728 515 3804 multis
532 3728 786 3802 additionibus
811 3731 1007 3806 illustrium
1027 3735 1203 3808 virorum
1221 3735 1376 3834 Parisiis
1392 3737 1506 3808 Anno
1523 3733 1682 3807 Domini
1698 3733 1749 3805 M.
1761 3732 1808 3803 D.
1822 3730 1907 3802 Xll.
1928 3728 1988 3802 die

385 3872 478 3920 vero
498 3846 606 3920 XXl.
624 3845 757 3919 menda
778 3845 957 3923 Octobris
977 3850 1089 3926 Char.
1110 3853 1173 3927 lat.
1193 3853 1262 3927 litt.
1288 3839 1368 3929 init.
1385 3851 1513 3953 grand.
1535 3851 1611 3925 soll.
1636 3850 1721 3949 fign.
1739 3874 1822 3922 220.
1841 3845 1881 3920 in
1904 3861 1987 3920 toto

385 3965 467 4040 230.
488 3965 551 4038 lin.
571 3963 629 4037 38.
650 3972 683 4053 4.
710 3963 773 4036 Ex
789 3966 998 4040 collectzbne
1014 3967 1251 4045 Herbizzima.

574 4105 702 4160 Panaeti
718 4101 824 4157 annal.
845 4104 977 4179 Typogr.
999 4107 1034 4160 T.
1044 4127 1070 4180 7.
1088 4127 1117 4182 p.
1129 4108 1193 4183 559.
1212 4108 1251 4164 N.
1261 4109 1325 4163 511.
1341 4109 1443 4162 Maiis.
1460 4107 1519 4162 ind.
1537 4111 1575 4162 ll.
1596 4128 1625 4182 p.
1635 4123 1699 4182 297.
1718 4173 1721 4185 .

456 4269 563 4341 ⁸182.
579 4311 629 4326 -
645 4272 846 4352 Tractatus
866 4268 1162 4348 reverendissimi
1174 4274 1296 4348 Patris
1314 4273 1441 4347 sratris
1459 4273 1672 4348 Thomaede
1692 4275 1755 4346 Via
1770 4263 1987 4344 Caietam-

385 4385 432 4460 de
456 4386 740 4484 comparatione
757 4389 991 4463 auctoritatis
1006 4391 1130 4490 Papae
1158 4407 1196 4464 et
1223 4391 1383 4464 Concilii
1411 4390 1476 4465 seu
1496 4391 1677 4464 ecclesiae.
1692 4389 1919 4465 universalis.
1939 4425 1987 4445 -
2010 4491 2015 4498 ¹

385 4503 491 4578 Haec
511 4499 689 4576 insronte
710 4543 760 4560 -·
785 4506 865 4578 Fol.
882 4508 965 4580 eod.
989 4507 1023 4580 b.
1046 4509 1210 4608 Epistola
1235 4507 1408 4583 Thomae
1434 4509 1481 4581 de
1500 4507 1578 4582 Vio
1600 4507 1646 4582 ad
1674 4506 1913 4582 Cardinalem
1943 4505 1987 4576 de

383 4617 509 4716 Flzsco.
525 4661 566 4676 -
588 4616 650 4690 fol.
670 4619 727 4706 34.
746 4618 808 4692 lin.
828 4623 885 4694 23.
910 4625 1082 4697 Coloniae
1099 4625 1138 4698 in
1155 4625 1309 4700 officina
1334 4625 1516 4699 litteraria
1535 4625 1790 4723 ingenuorum
1819 4617 1986 4694 filiorum
2113 4673 2123 4690 .

390 4737 559 4843 Quentell
571 4750 744 4811 exaratus
761 4735 875 4812 Anno
897 4767 919 4814 a
937 4741 1052 4820 natali
1071 4741 1269 4818 christiano
1296 4742 1522 4820 M.CCCCC
1531 4741 1617 4818 Xll.
1638 4741 1785 4819 decimo
1796 4733 1985 4812 Kalendas
