<?xml version="1.0" encoding="UTF-8"?>
<!DOCTYPE html PUBLIC "-//W3C//DTD XHTML 1.0 Transitional//EN"
    "http://www.w3.org/TR/xhtml1/DTD/xhtml1-transitional.dtd">
<html xmlns="http://www.w3.org/1999/xhtml" xml:lang="en" lang="en">
 <head>
  <title>
</title>
<meta http-equiv="Content-Type" content="text/html;charset=utf-8" />
  <meta name='ocr-system' content='tesseract 3.04.00' />
  <meta name='ocr-capabilities' content='ocr_page ocr_carea ocr_par ocr_line ocrx_word'/>
</head>
<body>
  <div class='ocr_page' id='page_1' title='image "./catalogusbiblio09biblgoog_0168.png"; bbox 0 0 4706 5868; ppageno 0'>
   <div class='ocr_carea' id='block_1_1' title="bbox 731 688 1955 796">
    <p class='ocr_par' dir='ltr' id='par_1_1' title="bbox 731 688 1955 796">
     <span class='ocr_line' id='line_1_1' title="bbox 731 688 1955 796; baseline -0.002 -36"><span class='ocrx_word' id='word_1_1' title='bbox 731 688 1371 790; x_wconf 69' lang='grc'><strong>2222222222222102222221222</strong></span> <span class='ocrx_word' id='word_1_2' title='bbox 1398 699 1552 796; x_wconf 74' lang='lat' dir='ltr'><strong>Murrxl.</strong></span> <span class='ocrx_word' id='word_1_3' title='bbox 1892 709 1955 781; x_wconf 78' lang='lat'><strong>¹²7</strong></span> 
     </span>
    </p>
   </div>
   <div class='ocr_carea' id='block_1_2' title="bbox 361 872 1963 1092">
    <p class='ocr_par' dir='ltr' id='par_1_2' title="bbox 361 872 1963 1092">
     <span class='ocr_line' id='line_1_2' title="bbox 363 872 1959 977; baseline 0.001 -28"><span class='ocrx_word' id='word_1_4' title='bbox 363 874 518 977; x_wconf 83' lang='lat' dir='ltr'><strong>Aprilis.</strong></span> <span class='ocrx_word' id='word_1_5' title='bbox 540 872 768 951; x_wconf 88' lang='lat' dir='ltr'><strong>M.D.XXl.</strong></span> <span class='ocrx_word' id='word_1_6' title='bbox 788 877 863 952; x_wconf 89' lang='lat' dir='ltr'><strong>Per</strong></span> <span class='ocrx_word' id='word_1_7' title='bbox 890 877 1022 976; x_wconf 86' lang='lat' dir='ltr'>inclyti</span> <span class='ocrx_word' id='word_1_8' title='bbox 1050 877 1150 976; x_wconf 87' lang='lat' dir='ltr'><strong>regis</strong></span> <span class='ocrx_word' id='word_1_9' title='bbox 1170 877 1388 973; x_wconf 83' lang='lat' dir='ltr'><strong>Hungan&#39;ae</strong></span> <span class='ocrx_word' id='word_1_10' title='bbox 1415 892 1454 950; x_wconf 89' lang='lat' dir='ltr'><strong>et</strong></span> <span class='ocrx_word' id='word_1_11' title='bbox 1483 875 1684 949; x_wconf 82' lang='lat' dir='ltr'><strong>Bohemiae</strong></span> <span class='ocrx_word' id='word_1_12' title='bbox 1708 893 1890 972; x_wconf 85' lang='lat' dir='ltr'><strong>oratores.</strong></span> <span class='ocrx_word' id='word_1_13' title='bbox 1908 921 1959 938; x_wconf 91' lang='lat'><strong>-·</strong></span> 
     </span>
     <span class='ocr_line' id='line_1_3' title="bbox 361 991 1963 1092; baseline 0.002 -27"><span class='ocrx_word' id='word_1_14' title='bbox 361 994 465 1068; x_wconf 87' lang='lat' dir='ltr'><strong>Haec</strong></span> <span class='ocrx_word' id='word_1_15' title='bbox 486 993 527 1065; x_wconf 90' lang='lat' dir='ltr'><strong>in</strong></span> <span class='ocrx_word' id='word_1_16' title='bbox 548 992 675 1066; x_wconf 87' lang='lat' dir='ltr'><strong>fronte</strong></span> <span class='ocrx_word' id='word_1_17' title='bbox 691 992 822 1092; x_wconf 87' lang='lat' dir='ltr'><strong>figuris</strong></span> <span class='ocrx_word' id='word_1_18' title='bbox 846 1010 989 1068; x_wconf 86' lang='lat' dir='ltr'><strong>ornata.</strong></span> <span class='ocrx_word' id='word_1_19' title='bbox 1015 993 1079 1067; x_wconf 88' lang='lat' dir='ltr'><strong>sol.</strong></span> <span class='ocrx_word' id='word_1_20' title='bbox 1099 992 1181 1068; x_wconf 92' lang='lat' dir='ltr'><strong>eod.</strong></span> <span class='ocrx_word' id='word_1_21' title='bbox 1202 993 1238 1069; x_wconf 94' lang='lat' dir='ltr'><strong>b.</strong></span> <span class='ocrx_word' id='word_1_22' title='bbox 1262 993 1424 1091; x_wconf 86' lang='lat' dir='ltr'><strong>Epistola</strong></span> <span class='ocrx_word' id='word_1_23' title='bbox 1447 993 1708 1066; x_wconf 78' lang='lat' dir='ltr'><strong>Maxziailiani</strong></span> <span class='ocrx_word' id='word_1_24' title='bbox 1732 991 1963 1089; x_wconf 76' lang='lat' dir='ltr'><strong>Transiloani</strong></span> 
     </span>
    </p>
   </div>
   <div class='ocr_carea' id='block_1_3' title="bbox 358 1106 1962 1441">
    <p class='ocr_par' dir='ltr' id='par_1_3' title="bbox 358 1106 1962 1441">
     <span class='ocr_line' id='line_1_4' title="bbox 358 1106 1962 1209; baseline 0 -25"><span class='ocrx_word' id='word_1_25' title='bbox 358 1109 407 1184; x_wconf 91' lang='lat' dir='ltr'><strong>ad</strong></span> <span class='ocrx_word' id='word_1_26' title='bbox 423 1107 665 1183; x_wconf 86' lang='lat' dir='ltr'><strong>Cardinalem</strong></span> <span class='ocrx_word' id='word_1_27' title='bbox 680 1108 1004 1208; x_wconf 62' lang='lat' dir='ltr'><strong>Saltiburgenfiem</strong></span> <span class='ocrx_word' id='word_1_28' title='bbox 1022 1109 1061 1182; x_wconf 91' lang='lat' dir='ltr'><strong>in</strong></span> <span class='ocrx_word' id='word_1_29' title='bbox 1078 1135 1153 1209; x_wconf 92' lang='lat' dir='ltr'><strong>qua</strong></span> <span class='ocrx_word' id='word_1_30' title='bbox 1169 1109 1375 1204; x_wconf 84' lang='lat' dir='ltr'><strong>indicatur,</strong></span> <span class='ocrx_word' id='word_1_31' title='bbox 1403 1108 1618 1183; x_wconf 89' lang='lat' dir='ltr'><strong>orationem</strong></span> <span class='ocrx_word' id='word_1_32' title='bbox 1639 1106 1736 1184; x_wconf 76' lang='lat' dir='ltr'><strong>hanc</strong></span> <span class='ocrx_word' id='word_1_33' title='bbox 1761 1109 1807 1183; x_wconf 90' lang='lat' dir='ltr'><strong>ab</strong></span> <span class='ocrx_word' id='word_1_34' title='bbox 1831 1111 1962 1200; x_wconf 64' lang='lat' dir='ltr'><strong>fitero-</strong></span> 
     </span>
     <span class='ocr_line' id='line_1_5' title="bbox 361 1224 1959 1326; baseline 0.003 -28"><span class='ocrx_word' id='word_1_35' title='bbox 361 1251 469 1326; x_wconf 83' lang='lat' dir='ltr'><strong>nymo</strong></span> <span class='ocrx_word' id='word_1_36' title='bbox 487 1225 608 1298; x_wconf 88' lang='lat' dir='ltr'><em>Balbo</em></span> <span class='ocrx_word' id='word_1_37' title='bbox 624 1224 794 1300; x_wconf 85' lang='lat' dir='ltr'><strong>habitam</strong></span> <span class='ocrx_word' id='word_1_38' title='bbox 810 1224 925 1300; x_wconf 83' lang='lat' dir='ltr'><strong>suisse.</strong></span> <span class='ocrx_word' id='word_1_39' title='bbox 944 1226 1008 1300; x_wconf 91' lang='lat' dir='ltr'><strong>sol.</strong></span> <span class='ocrx_word' id='word_1_40' title='bbox 1023 1253 1056 1298; x_wconf 84' lang='grc'><strong>2.</strong></span> <span class='ocrx_word' id='word_1_41' title='bbox 1073 1227 1239 1300; x_wconf 77' lang='lat' dir='ltr'><strong>Disticha</strong></span> <span class='ocrx_word' id='word_1_42' title='bbox 1259 1255 1290 1322; x_wconf 88' lang='lat'><strong>7.</strong></span> <span class='ocrx_word' id='word_1_43' title='bbox 1308 1225 1456 1300; x_wconf 85' lang='lat' dir='ltr'><strong>Hieron.</strong></span> <span class='ocrx_word' id='word_1_44' title='bbox 1472 1226 1652 1299; x_wconf 79' lang='grc' dir='ltr'><strong>11218ιῖ-</strong></span> <span class='ocrx_word' id='word_1_45' title='bbox 1673 1226 1803 1299; x_wconf 85' lang='lat' dir='ltr'><strong>sol.10.</strong></span> <span class='ocrx_word' id='word_1_46' title='bbox 1825 1227 1888 1301; x_wconf 92' lang='lat' dir='ltr'><strong>lin.</strong></span> <span class='ocrx_word' id='word_1_47' title='bbox 1899 1228 1959 1302; x_wconf 84' lang='lat'><strong>28.</strong></span> 
     </span>
     <span class='ocr_line' id='line_1_6' title="bbox 362 1340 1892 1441; baseline 0.001 -25"><span class='ocrx_word' id='word_1_48' title='bbox 362 1342 457 1418; x_wconf 86' lang='lat' dir='ltr'><strong>sinis.</strong></span> <span class='ocrx_word' id='word_1_49' title='bbox 478 1385 529 1402; x_wconf 89' lang='lat'>-</span> <span class='ocrx_word' id='word_1_50' title='bbox 546 1340 659 1417; x_wconf 87' lang='lat' dir='ltr'><strong>Char.</strong></span> <span class='ocrx_word' id='word_1_51' title='bbox 674 1344 735 1417; x_wconf 89' lang='lat' dir='ltr'><strong>lat.</strong></span> <span class='ocrx_word' id='word_1_52' title='bbox 751 1343 829 1418; x_wconf 86' lang='lat' dir='ltr'><strong>foll.</strong></span> <span class='ocrx_word' id='word_1_53' title='bbox 854 1369 907 1418; x_wconf 91' lang='lat'><strong>10.</strong></span> <span class='ocrx_word' id='word_1_54' title='bbox 924 1369 1005 1417; x_wconf 90' lang='lat' dir='ltr'><strong>non</strong></span> <span class='ocrx_word' id='word_1_55' title='bbox 1021 1343 1107 1441; x_wconf 87' lang='lat' dir='ltr'><strong>sign.</strong></span> <span class='ocrx_word' id='word_1_56' title='bbox 1132 1343 1195 1418; x_wconf 90' lang='lat' dir='ltr'><strong>lin.</strong></span> <span class='ocrx_word' id='word_1_57' title='bbox 1212 1343 1269 1417; x_wconf 85' lang='grc'><strong>32.</strong></span> <span class='ocrx_word' id='word_1_58' title='bbox 1288 1349 1323 1432; x_wconf 81' lang='grc'><strong>4.</strong></span> <span class='ocrx_word' id='word_1_59' title='bbox 1349 1344 1413 1417; x_wconf 76' lang='lat' dir='ltr'><strong>Ex</strong></span> <span class='ocrx_word' id='word_1_60' title='bbox 1430 1344 1640 1417; x_wconf 82' lang='lat' dir='ltr'><em>collectione</em></span> <span class='ocrx_word' id='word_1_61' title='bbox 1654 1341 1892 1418; x_wconf 63' lang='lat' dir='ltr'><strong>Herbarum.</strong></span> 
     </span>
    </p>
   </div>
   <div class='ocr_carea' id='block_1_4' title="bbox 551 1487 1111 1577">
    <p class='ocr_par' dir='ltr' id='par_1_4' title="bbox 551 1487 1111 1577">
     <span class='ocr_line' id='line_1_7' title="bbox 551 1487 1111 1577; baseline -0.005 -18"><span class='ocrx_word' id='word_1_62' title='bbox 551 1499 669 1559; x_wconf 59' lang='lat' dir='ltr'><strong>witot</strong></span> <span class='ocrx_word' id='word_1_63' title='bbox 685 1495 819 1556; x_wconf 83' lang='lat' dir='ltr'><strong>Lexicon</strong></span> <span class='ocrx_word' id='word_1_64' title='bbox 835 1501 894 1556; x_wconf 89' lang='lat' dir='ltr'><strong>litt.</strong></span> <span class='ocrx_word' id='word_1_65' title='bbox 916 1502 952 1558; x_wconf 86' lang='grc' dir='ltr'><strong>Τ.</strong></span> <span class='ocrx_word' id='word_1_66' title='bbox 965 1522 990 1557; x_wconf 90' lang='grc'><strong>2.</strong></span> <span class='ocrx_word' id='word_1_67' title='bbox 1008 1522 1038 1577; x_wconf 81' lang='lat' dir='ltr'><strong>p.</strong></span> <span class='ocrx_word' id='word_1_68' title='bbox 1049 1487 1111 1576; x_wconf 86' lang='lat'><strong>727.</strong></span> 
     </span>
    </p>
   </div>
   <div class='ocr_carea' id='block_1_5' title="bbox 457 1655 2085 1787">
    <p class='ocr_par' dir='ltr' id='par_1_5' title="bbox 457 1655 2085 1787">
     <span class='ocr_line' id='line_1_8' title="bbox 457 1655 2085 1787; baseline 0.005 -25"><span class='ocrx_word' id='word_1_69' title='bbox 457 1695 541 1778; x_wconf 79' lang='lat'>400:</span> <span class='ocrx_word' id='word_1_70' title='bbox 567 1730 615 1747; x_wconf 90' lang='lat'>-</span> <span class='ocrx_word' id='word_1_71' title='bbox 640 1689 705 1761; x_wconf 72' lang='lat' dir='ltr'><strong>Ea</strong></span> <span class='ocrx_word' id='word_1_72' title='bbox 727 1684 876 1784; x_wconf 86' lang='lat' dir='ltr'><strong>Erasmi</strong></span> <span class='ocrx_word' id='word_1_73' title='bbox 898 1655 1775 1787; x_wconf 27' lang='grc' dir='ltr'><strong>(3211222112112121252’822222.1Μ.Ι).Χ1(1.-</strong></span> <span class='ocrx_word' id='word_1_74' title='bbox 1799 1688 1961 1765; x_wconf 90' lang='lat' dir='ltr'><strong>Haecin</strong></span> <span class='ocrx_word' id='word_1_75' title='bbox 2081 1762 2085 1770; x_wconf 89' lang='grc'><em>,</em></span> 
     </span>
    </p>
   </div>
   <div class='ocr_carea' id='block_1_6' title="bbox 225 1789 1962 1920">
    <p class='ocr_par' dir='ltr' id='par_1_6' title="bbox 225 1789 1962 1920">
     <span class='ocr_line' id='line_1_9' title="bbox 225 1789 1962 1920; baseline 0 -42"><span class='ocrx_word' id='word_1_76' title='bbox 225 1807 227 1812; x_wconf 71' lang='grc'><em>’</em></span> <span class='ocrx_word' id='word_1_77' title='bbox 329 1789 487 1881; x_wconf 76' lang='grc'><strong>’122222</strong></span> <span class='ocrx_word' id='word_1_78' title='bbox 522 1804 641 1878; x_wconf 83' lang='lat' dir='ltr'><strong>limbo¹</strong></span> <span class='ocrx_word' id='word_1_79' title='bbox 672 1804 913 1878; x_wconf 89' lang='lat' dir='ltr'><strong>circumdata.</strong></span> <span class='ocrx_word' id='word_1_80' title='bbox 933 1844 981 1862; x_wconf 90' lang='lat'>-</span> <span class='ocrx_word' id='word_1_81' title='bbox 1005 1804 1068 1920; x_wconf 87' lang='lat' dir='ltr'><strong>sol.</strong></span> <span class='ocrx_word' id='word_1_82' title='bbox 1090 1832 1121 1902; x_wconf 87' lang='lat'><strong>7.</strong></span> <span class='ocrx_word' id='word_1_83' title='bbox 1151 1804 1215 1879; x_wconf 91' lang='lat' dir='ltr'><strong>lin.</strong></span> <span class='ocrx_word' id='word_1_84' title='bbox 1233 1833 1290 1904; x_wconf 88' lang='lat'><strong>27.</strong></span> <span class='ocrx_word' id='word_1_85' title='bbox 1321 1805 1356 1882; x_wconf 90' lang='lat' dir='ltr'><strong>b.</strong></span> <span class='ocrx_word' id='word_1_86' title='bbox 1376 1807 1466 1892; x_wconf 79' lang='lat' dir='ltr'><strong>finis</strong></span> <span class='ocrx_word' id='word_1_87' title='bbox 1492 1807 1604 1882; x_wconf 87' lang='lat' dir='ltr'><strong>Char.</strong></span> <span class='ocrx_word' id='word_1_88' title='bbox 1628 1808 1688 1883; x_wconf 88' lang='lat' dir='ltr'><strong>lat.</strong></span> <span class='ocrx_word' id='word_1_89' title='bbox 1718 1807 1795 1881; x_wconf 85' lang='lat' dir='ltr'><strong>soll.</strong></span> <span class='ocrx_word' id='word_1_90' title='bbox 1813 1833 1872 1904; x_wconf 84' lang='lat'><strong>27.</strong></span> <span class='ocrx_word' id='word_1_91' title='bbox 1899 1805 1962 1880; x_wconf 91' lang='lat' dir='ltr'><strong>lin.</strong></span> 
     </span>
    </p>
   </div>
   <div class='ocr_carea' id='block_1_7' title="bbox 362 1929 1762 2138">
    <p class='ocr_par' dir='ltr' id='par_1_7' title="bbox 362 1929 1762 2138">
     <span class='ocr_line' id='line_1_10' title="bbox 362 1929 491 2014; baseline 0.008 -18"><span class='ocrx_word' id='word_1_92' title='bbox 362 1929 421 2010; x_wconf 74' lang='lat'><strong>41.</strong></span> <span class='ocrx_word' id='word_1_93' title='bbox 457 1930 491 2014; x_wconf 78' lang='grc'><strong>4.</strong></span> 
     </span>
     <span class='ocr_line' id='line_1_11' title="bbox 552 2058 1762 2138; baseline 0.001 -22"><span class='ocrx_word' id='word_1_94' title='bbox 552 2059 731 2138; x_wconf 81' lang='lat' dir='ltr'><strong>opusculum</strong></span> <span class='ocrx_word' id='word_1_95' title='bbox 744 2059 802 2118; x_wconf 82' lang='lat' dir='ltr'><strong>hoo</strong></span> <span class='ocrx_word' id='word_1_96' title='bbox 814 2074 915 2136; x_wconf 78' lang='lat' dir='ltr'><strong>utpote</strong></span> <span class='ocrx_word' id='word_1_97' title='bbox 931 2078 968 2116; x_wconf 82' lang='lat' dir='ltr'><strong>ex</strong></span> <span class='ocrx_word' id='word_1_98' title='bbox 984 2058 1108 2136; x_wconf 78' lang='lat' dir='ltr'><strong>Erosmi</strong></span> <span class='ocrx_word' id='word_1_99' title='bbox 1126 2059 1289 2134; x_wconf 85' lang='lat' dir='ltr'><strong>Colloquiir</strong></span> <span class='ocrx_word' id='word_1_100' title='bbox 1305 2075 1470 2137; x_wconf 81' lang='lat' dir='ltr'><strong>excerptum</strong></span> <span class='ocrx_word' id='word_1_101' title='bbox 1483 2059 1592 2120; x_wconf 81' lang='lat' dir='ltr'><strong>nullibi</strong></span> <span class='ocrx_word' id='word_1_102' title='bbox 1606 2059 1762 2118; x_wconf 80' lang='lat' dir='ltr'><strong>iudicatur.</strong></span> 
     </span>
    </p>
   </div>
   <div class='ocr_carea' id='block_1_8' title="bbox 973 2286 1298 2362">
    <p class='ocr_par' dir='ltr' id='par_1_8' title="bbox 973 2286 1298 2362">
     <span class='ocr_line' id='line_1_12' title="bbox 973 2286 1298 2362; baseline -0.006 0"><span class='ocrx_word' id='word_1_103' title='bbox 973 2297 983 2306; x_wconf 86' lang='lat'><strong><em>&#39;</em></strong></span> <span class='ocrx_word' id='word_1_104' title='bbox 1016 2287 1070 2362; x_wconf 91' lang='lat' dir='ltr'><strong>M.</strong></span> <span class='ocrx_word' id='word_1_105' title='bbox 1095 2286 1144 2361; x_wconf 90' lang='lat' dir='ltr'><strong>D.</strong></span> <span class='ocrx_word' id='word_1_106' title='bbox 1171 2287 1298 2361; x_wconf 87' lang='lat' dir='ltr'><strong>XXII.</strong></span> 
     </span>
    </p>
   </div>
   <div class='ocr_carea' id='block_1_9' title="bbox 360 2465 1962 2801">
    <p class='ocr_par' dir='ltr' id='par_1_9' title="bbox 360 2465 1962 2801">
     <span class='ocr_line' id='line_1_13' title="bbox 456 2465 1959 2568; baseline -0.002 -25"><span class='ocrx_word' id='word_1_107' title='bbox 456 2477 541 2558; x_wconf 80' lang='grc'><strong>422,</strong></span> <span class='ocrx_word' id='word_1_108' title='bbox 566 2511 617 2528; x_wconf 90' lang='lat'><strong>-·</strong></span> <span class='ocrx_word' id='word_1_109' title='bbox 646 2469 789 2543; x_wconf 75' lang='lat' dir='ltr'><strong>Morzbe</strong></span> <span class='ocrx_word' id='word_1_110' title='bbox 809 2467 1007 2541; x_wconf 81' lang='lat' dir='ltr'><em>encomium</em></span> <span class='ocrx_word' id='word_1_111' title='bbox 1028 2465 1448 2564; x_wconf 77' lang='lat' dir='ltr'><strong>(Erasmilloterodami)</strong></span> <span class='ocrx_word' id='word_1_112' title='bbox 1464 2492 1566 2542; x_wconf 90' lang='lat' dir='ltr'><strong>nunc</strong></span> <span class='ocrx_word' id='word_1_113' title='bbox 1577 2471 1809 2568; x_wconf 85' lang='lat' dir='ltr'><strong>postremum</strong></span> <span class='ocrx_word' id='word_1_114' title='bbox 1818 2467 1865 2540; x_wconf 91' lang='lat' dir='ltr'><strong>ab</strong></span> <span class='ocrx_word' id='word_1_115' title='bbox 1880 2465 1959 2566; x_wconf 90' lang='lat' dir='ltr'><strong>lpso</strong></span> 
     </span>
     <span class='ocr_line' id='line_1_14' title="bbox 360 2581 1959 2684; baseline -0.001 -26"><span class='ocrx_word' id='word_1_116' title='bbox 360 2601 495 2659; x_wconf 87' lang='lat' dir='ltr'><strong>autore</strong></span> <span class='ocrx_word' id='word_1_117' title='bbox 514 2585 687 2684; x_wconf 79' lang='lat' dir='ltr'><strong>religiose</strong></span> <span class='ocrx_word' id='word_1_118' title='bbox 709 2585 969 2684; x_wconf 80' lang='lat' dir='ltr'><strong>recognitum,</strong></span> <span class='ocrx_word' id='word_1_119' title='bbox 987 2611 1065 2660; x_wconf 88' lang='lat' dir='ltr'><strong>una</strong></span> <span class='ocrx_word' id='word_1_120' title='bbox 1083 2609 1171 2658; x_wconf 89' lang='lat' dir='ltr'><strong>cum</strong></span> <span class='ocrx_word' id='word_1_121' title='bbox 1190 2583 1271 2658; x_wconf 86' lang='lat' dir='ltr'><strong>aliis</strong></span> <span class='ocrx_word' id='word_1_122' title='bbox 1288 2585 1436 2684; x_wconf 85' lang='lat' dir='ltr'><strong>aliquot</strong></span> <span class='ocrx_word' id='word_1_123' title='bbox 1451 2581 1605 2670; x_wconf 73' lang='lat' dir='ltr'><strong>libellis,</strong></span> <span class='ocrx_word' id='word_1_124' title='bbox 1623 2609 1703 2660; x_wconf 91' lang='lat' dir='ltr'><strong>non</strong></span> <span class='ocrx_word' id='word_1_125' title='bbox 1727 2583 1853 2658; x_wconf 89' lang='lat' dir='ltr'><strong>minus</strong></span> <span class='ocrx_word' id='word_1_126' title='bbox 1872 2609 1959 2658; x_wconf 89' lang='lat' dir='ltr'><strong>eru-</strong></span> 
     </span>
     <span class='ocr_line' id='line_1_15' title="bbox 361 2695 1962 2801; baseline -0.001 -27"><span class='ocrx_word' id='word_1_127' title='bbox 361 2700 449 2774; x_wconf 89' lang='lat' dir='ltr'><strong>ditis</strong></span> <span class='ocrx_word' id='word_1_128' title='bbox 468 2726 585 2800; x_wconf 89' lang='lat' dir='ltr'><strong>quarn</strong></span> <span class='ocrx_word' id='word_1_129' title='bbox 603 2700 789 2786; x_wconf 81' lang='lat' dir='ltr'><strong>amoenis,</strong></span> <span class='ocrx_word' id='word_1_130' title='bbox 812 2724 980 2798; x_wconf 89' lang='lat' dir='ltr'><strong>quorum</strong></span> <span class='ocrx_word' id='word_1_131' title='bbox 995 2701 1169 2774; x_wconf 89' lang='lat' dir='ltr'><strong>omniurn</strong></span> <span class='ocrx_word' id='word_1_132' title='bbox 1183 2699 1315 2774; x_wconf 86' lang='lat' dir='ltr'><strong>titulos</strong></span> <span class='ocrx_word' id='word_1_133' title='bbox 1334 2699 1513 2799; x_wconf 85' lang='lat' dir='ltr'><strong>proxima</strong></span> <span class='ocrx_word' id='word_1_134' title='bbox 1534 2701 1681 2799; x_wconf 89' lang='lat' dir='ltr'><strong>pagella</strong></span> <span class='ocrx_word' id='word_1_135' title='bbox 1703 2700 1894 2801; x_wconf 84' lang='lat' dir='ltr'><strong>loquetur.</strong></span> <span class='ocrx_word' id='word_1_136' title='bbox 1912 2695 1962 2758; x_wconf 77' lang='lat'>-·-&#39;</span> 
     </span>
    </p>
   </div>
   <div class='ocr_carea' id='block_1_10' title="bbox 358 2814 2198 2916">
    <p class='ocr_par' dir='ltr' id='par_1_10' title="bbox 358 2814 2198 2916">
     <span class='ocr_line' id='line_1_16' title="bbox 358 2814 2198 2916; baseline -0.001 -25"><span class='ocrx_word' id='word_1_137' title='bbox 358 2815 459 2916; x_wconf 85' lang='lat' dir='ltr'><strong>apud</strong></span> <span class='ocrx_word' id='word_1_138' title='bbox 482 2815 664 2916; x_wconf 85' lang='lat' dir='ltr'><strong>inclytam</strong></span> <span class='ocrx_word' id='word_1_139' title='bbox 677 2814 881 2913; x_wconf 72' lang='lat' dir='ltr'><strong>Rusticum,</strong></span> <span class='ocrx_word' id='word_1_140' title='bbox 901 2841 958 2890; x_wconf 90' lang='lat' dir='ltr'><strong>an.</strong></span> <span class='ocrx_word' id='word_1_141' title='bbox 980 2814 1032 2888; x_wconf 89' lang='lat' dir='ltr'><strong>M.</strong></span> <span class='ocrx_word' id='word_1_142' title='bbox 1042 2815 1089 2887; x_wconf 91' lang='lat' dir='ltr'><strong>D.</strong></span> <span class='ocrx_word' id='word_1_143' title='bbox 1100 2816 1284 2890; x_wconf 88' lang='lat' dir='ltr'><strong>XXll.-</strong></span> <span class='ocrx_word' id='word_1_144' title='bbox 1301 2817 1406 2891; x_wconf 89' lang='lat' dir='ltr'><strong>Haec</strong></span> <span class='ocrx_word' id='word_1_145' title='bbox 1416 2816 1457 2890; x_wconf 90' lang='lat' dir='ltr'><strong>in</strong></span> <span class='ocrx_word' id='word_1_146' title='bbox 1473 2817 1600 2891; x_wconf 87' lang='lat' dir='ltr'><strong>fronte</strong></span> <span class='ocrx_word' id='word_1_147' title='bbox 1611 2817 1741 2915; x_wconf 88' lang='lat' dir='ltr'><strong>figuris</strong></span> <span class='ocrx_word' id='word_1_148' title='bbox 1759 2833 1963 2891; x_wconf 80' lang='lat' dir='ltr'><strong>ornata-</strong></span> <span class='ocrx_word' id='word_1_149' title='bbox 2100 2871 2114 2878; x_wconf 88' lang='lat'>-</span> <span class='ocrx_word' id='word_1_150' title='bbox 2195 2817 2198 2824; x_wconf 79' lang='grc'>’</span> 
     </span>
    </p>
   </div>
   <div class='ocr_carea' id='block_1_11' title="bbox 358 2931 1962 3380">
    <p class='ocr_par' dir='ltr' id='par_1_11' title="bbox 358 2931 1962 3380">
     <span class='ocr_line' id='line_1_17' title="bbox 358 2931 1961 3032; baseline -0.001 -27"><span class='ocrx_word' id='word_1_151' title='bbox 358 2961 396 3032; x_wconf 91' lang='lat' dir='ltr'><strong>p.</strong></span> <span class='ocrx_word' id='word_1_152' title='bbox 416 2959 450 3005; x_wconf 86' lang='lat'><strong>2.</strong></span> <span class='ocrx_word' id='word_1_153' title='bbox 470 2932 509 3005; x_wconf 93' lang='lat' dir='ltr'><strong>in</strong></span> <span class='ocrx_word' id='word_1_154' title='bbox 525 2931 600 3006; x_wconf 91' lang='lat' dir='ltr'><strong>hoc</strong></span> <span class='ocrx_word' id='word_1_155' title='bbox 617 2958 734 3031; x_wconf 86' lang='lat' dir='ltr'><strong>opere</strong></span> <span class='ocrx_word' id='word_1_156' title='bbox 753 2947 940 3006; x_wconf 81' lang='lat' dir='ltr'><strong>contenta</strong></span> <span class='ocrx_word' id='word_1_157' title='bbox 965 2974 1016 2991; x_wconf 91' lang='lat'>-</span> <span class='ocrx_word' id='word_1_158' title='bbox 1039 2933 1162 3006; x_wconf 83' lang='lat' dir='ltr'><strong>Ludus</strong></span> <span class='ocrx_word' id='word_1_159' title='bbox 1178 2933 1223 3006; x_wconf 90' lang='lat' dir='ltr'><strong>L.</strong></span> <span class='ocrx_word' id='word_1_160' title='bbox 1243 2935 1372 3006; x_wconf 82' lang='lat' dir='ltr'><strong>Annei</strong></span> <span class='ocrx_word' id='word_1_161' title='bbox 1384 2935 1563 3022; x_wconf 78' lang='lat' dir='ltr'><strong>Senecae,</strong></span> <span class='ocrx_word' id='word_1_162' title='bbox 1592 2934 1640 3008; x_wconf 89' lang='lat' dir='ltr'><strong>de</strong></span> <span class='ocrx_word' id='word_1_163' title='bbox 1666 2945 1792 3008; x_wconf 81' lang='lat' dir='ltr'><strong>morte</strong></span> <span class='ocrx_word' id='word_1_164' title='bbox 1810 2933 1961 3018; x_wconf 66' lang='lat' dir='ltr'><strong>Glaucia</strong></span> 
     </span>
     <span class='ocr_line' id='line_1_18' title="bbox 362 3034 1959 3154; baseline -0.001 -31"><span class='ocrx_word' id='word_1_165' title='bbox 362 3048 548 3124; x_wconf 82' lang='lat' dir='ltr'><strong>Caesaris.</strong></span> <span class='ocrx_word' id='word_1_166' title='bbox 566 3075 692 3148; x_wconf 83' lang='lat' dir='ltr'><strong>nuper</strong></span> <span class='ocrx_word' id='word_1_167' title='bbox 711 3050 751 3123; x_wconf 86' lang='lat' dir='ltr'><strong>in</strong></span> <span class='ocrx_word' id='word_1_168' title='bbox 770 3034 975 3124; x_wconf 84' lang='lat' dir='ltr'><strong>Germania</strong></span> <span class='ocrx_word' id='word_1_169' title='bbox 994 3065 1187 3148; x_wconf 84' lang='lat' dir='ltr'><strong>repertus,</strong></span> <span class='ocrx_word' id='word_1_170' title='bbox 1214 3075 1303 3124; x_wconf 91' lang='lat' dir='ltr'><strong>cum</strong></span> <span class='ocrx_word' id='word_1_171' title='bbox 1319 3049 1468 3124; x_wconf 84' lang='lat' dir='ltr'><strong>scholiis</strong></span> <span class='ocrx_word' id='word_1_172' title='bbox 1487 3050 1601 3124; x_wconf 82' lang='lat' dir='ltr'><strong>Beati</strong></span> <span class='ocrx_word' id='word_1_173' title='bbox 1619 3051 1804 3125; x_wconf 80' lang='lat' dir='ltr'><strong>Rhenani.</strong></span> <span class='ocrx_word' id='word_1_174' title='bbox 1823 3097 1870 3112; x_wconf 92' lang='lat'><em>-</em></span> <span class='ocrx_word' id='word_1_175' title='bbox 1893 3051 1959 3154; x_wconf 75' lang='lat' dir='ltr'><strong>Sy-</strong></span> 
     </span>
     <span class='ocr_line' id='line_1_19' title="bbox 359 3165 1959 3269; baseline 0.003 -31"><span class='ocrx_word' id='word_1_176' title='bbox 359 3165 479 3263; x_wconf 85' lang='lat' dir='ltr'><strong>nesius</strong></span> <span class='ocrx_word' id='word_1_177' title='bbox 511 3167 731 3267; x_wconf 68' lang='lat' dir='ltr'><strong>Cyrenensis.</strong></span> <span class='ocrx_word' id='word_1_178' title='bbox 746 3165 791 3240; x_wconf 92' lang='lat' dir='ltr'><strong>de</strong></span> <span class='ocrx_word' id='word_1_179' title='bbox 818 3165 991 3242; x_wconf 84' lang='lat' dir='ltr'><strong>laudibus</strong></span> <span class='ocrx_word' id='word_1_180' title='bbox 1017 3167 1182 3253; x_wconf 63' lang='lat' dir='ltr'><strong>calvitii.</strong></span> <span class='ocrx_word' id='word_1_181' title='bbox 1210 3167 1355 3241; x_wconf 85' lang='lat' dir='ltr'><strong>Joanne</strong></span> <span class='ocrx_word' id='word_1_182' title='bbox 1379 3167 1500 3241; x_wconf 84' lang='lat' dir='ltr'><strong>Phreo</strong></span> <span class='ocrx_word' id='word_1_183' title='bbox 1523 3169 1707 3244; x_wconf 84' lang='lat' dir='ltr'><strong>Britanno</strong></span> <span class='ocrx_word' id='word_1_184' title='bbox 1730 3168 1959 3269; x_wconf 88' lang='lat' dir='ltr'><strong>interprete.</strong></span> 
     </span>
     <span class='ocr_line' id='line_1_20' title="bbox 360 3282 1962 3380; baseline -0.001 -23"><span class='ocrx_word' id='word_1_185' title='bbox 360 3309 450 3358; x_wconf 87' lang='lat' dir='ltr'><strong>cum</strong></span> <span class='ocrx_word' id='word_1_186' title='bbox 472 3282 619 3357; x_wconf 77' lang='lat' dir='ltr'><strong>scholiis</strong></span> <span class='ocrx_word' id='word_1_187' title='bbox 636 3283 750 3356; x_wconf 82' lang='lat' dir='ltr'><strong>Beati</strong></span> <span class='ocrx_word' id='word_1_188' title='bbox 763 3283 948 3357; x_wconf 79' lang='lat' dir='ltr'><strong>Rhenam‘.</strong></span> <span class='ocrx_word' id='word_1_189' title='bbox 964 3323 1012 3340; x_wconf 88' lang='lat'>-</span> <span class='ocrx_word' id='word_1_190' title='bbox 1033 3283 1181 3380; x_wconf 71' lang='lat' dir='ltr'><strong>Erasini</strong></span> <span class='ocrx_word' id='word_1_191' title='bbox 1196 3285 1432 3358; x_wconf 83' lang='lat' dir='ltr'><strong>Boterodami</strong></span> <span class='ocrx_word' id='word_1_192' title='bbox 1461 3283 1602 3359; x_wconf 73' lang='lat' dir='ltr'><strong>Monac</strong></span> <span class='ocrx_word' id='word_1_193' title='bbox 1626 3285 1844 3358; x_wconf 89' lang='lat' dir='ltr'><strong>encomium</strong></span> <span class='ocrx_word' id='word_1_194' title='bbox 1873 3309 1962 3356; x_wconf 90' lang='lat' dir='ltr'><strong>cum</strong></span> 
     </span>
    </p>
   </div>
   <div class='ocr_carea' id='block_1_12' title="bbox 249 3398 1960 3500">
    <p class='ocr_par' dir='ltr' id='par_1_12' title="bbox 249 3398 1960 3500">
     <span class='ocr_line' id='line_1_21' title="bbox 249 3398 1960 3500; baseline -0.003 -25"><span class='ocrx_word' id='word_1_195' title='bbox 249 3479 255 3492; x_wconf 64' lang='lat'>‚</span> <span class='ocrx_word' id='word_1_196' title='bbox 360 3399 643 3477; x_wconf 86' lang='lat' dir='ltr'><strong>commentariis</strong></span> <span class='ocrx_word' id='word_1_197' title='bbox 660 3401 961 3498; x_wconf 75' lang='lat' dir='ltr'><strong>Gerardilzstrii</strong></span> <span class='ocrx_word' id='word_1_198' title='bbox 974 3401 1093 3474; x_wconf 92' lang='lat' dir='ltr'><strong>trium</strong></span> <span class='ocrx_word' id='word_1_199' title='bbox 1114 3401 1330 3497; x_wconf 89' lang='lat' dir='ltr'><strong>linguarum</strong></span> <span class='ocrx_word' id='word_1_200' title='bbox 1346 3400 1472 3500; x_wconf 87' lang='lat' dir='ltr'><strong>periti.</strong></span> <span class='ocrx_word' id='word_1_201' title='bbox 1492 3439 1539 3459; x_wconf 91' lang='lat'><strong>·-</strong></span> <span class='ocrx_word' id='word_1_202' title='bbox 1563 3401 1725 3500; x_wconf 81' lang='lat' dir='ltr'><strong>Epistola</strong></span> <span class='ocrx_word' id='word_1_203' title='bbox 1750 3398 1960 3497; x_wconf 87' lang='lat' dir='ltr'><strong>apologeti-</strong></span> 
     </span>
    </p>
   </div>
   <div class='ocr_carea' id='block_1_13' title="bbox 278 3513 1961 3966">
    <p class='ocr_par' dir='ltr' id='par_1_13' title="bbox 360 3513 1961 3615">
     <span class='ocr_line' id='line_1_22' title="bbox 360 3513 1961 3615; baseline -0.005 -23"><span class='ocrx_word' id='word_1_204' title='bbox 360 3543 404 3592; x_wconf 88' lang='lat' dir='ltr'><strong>ca</strong></span> <span class='ocrx_word' id='word_1_205' title='bbox 418 3514 567 3614; x_wconf 84' lang='lat' dir='ltr'><strong>Erasmi</strong></span> <span class='ocrx_word' id='word_1_206' title='bbox 578 3518 835 3603; x_wconf 82' lang='lat' dir='ltr'><strong>Boterodami,</strong></span> <span class='ocrx_word' id='word_1_207' title='bbox 873 3517 920 3592; x_wconf 89' lang='lat' dir='ltr'><strong>ad</strong></span> <span class='ocrx_word' id='word_1_208' title='bbox 938 3517 1134 3590; x_wconf 83' lang='lat' dir='ltr'><strong>Mom&#39;num</strong></span> <span class='ocrx_word' id='word_1_209' title='bbox 1160 3517 1334 3615; x_wconf 73' lang='lat' dir='ltr'><strong>Dorpz‘um</strong></span> <span class='ocrx_word' id='word_1_210' title='bbox 1360 3517 1594 3614; x_wconf 89' lang='lat' dir='ltr'><strong>theologum.</strong></span> <span class='ocrx_word' id='word_1_211' title='bbox 1617 3543 1653 3614; x_wconf 89' lang='lat' dir='ltr'><strong>p.</strong></span> <span class='ocrx_word' id='word_1_212' title='bbox 1675 3516 1709 3586; x_wconf 87' lang='lat'><strong>3.</strong></span> <span class='ocrx_word' id='word_1_213' title='bbox 1742 3513 1961 3586; x_wconf 68' lang='grc'><strong>822211122-</strong></span> 
     </span>
    </p>

    <p class='ocr_par' dir='ltr' id='par_1_14' title="bbox 360 3630 1959 3754">
     <span class='ocr_line' id='line_1_23' title="bbox 360 3630 1959 3754; baseline -0.003 -48"><span class='ocrx_word' id='word_1_214' title='bbox 360 3661 452 3708; x_wconf 82' lang='lat' dir='ltr'><strong>nam</strong></span> <span class='ocrx_word' id='word_1_215' title='bbox 450 3633 627 3734; x_wconf 86' lang='lat' dir='ltr'><strong>Episiola</strong></span> <span class='ocrx_word' id='word_1_216' title='bbox 642 3633 690 3708; x_wconf 87' lang='lat' dir='ltr'><strong>ad</strong></span> <span class='ocrx_word' id='word_1_217' title='bbox 722 3635 896 3707; x_wconf 82' lang='lat' dir='ltr'><strong>Thomam</strong></span> <span class='ocrx_word' id='word_1_218' title='bbox 912 3633 1177 3732; x_wconf 50' lang='lat' dir='ltr'><strong>Rapprirma-</strong></span> <span class='ocrx_word' id='word_1_219' title='bbox 1128 3632 1270 3706; x_wconf 86' lang='lat' dir='ltr'><strong>—sol</strong></span> <span class='ocrx_word' id='word_1_220' title='bbox 1292 3638 1374 3720; x_wconf 61' lang='lat'><strong>424</strong></span> <span class='ocrx_word' id='word_1_221' title='bbox 1399 3657 1479 3704; x_wconf 91' lang='lat' dir='ltr'><strong>non</strong></span> <span class='ocrx_word' id='word_1_222' title='bbox 1499 3631 1593 3728; x_wconf 84' lang='lat' dir='ltr'><strong>fign.</strong></span> <span class='ocrx_word' id='word_1_223' title='bbox 1601 3631 1637 3705; x_wconf 93' lang='lat' dir='ltr'><strong>b</strong></span> <span class='ocrx_word' id='word_1_224' title='bbox 1659 3630 1786 3754; x_wconf 88' lang='lat' dir='ltr'><strong>inslgn.</strong></span> <span class='ocrx_word' id='word_1_225' title='bbox 1808 3648 1959 3730; x_wconf 85' lang='lat' dir='ltr'><strong>typogr.</strong></span> 
     </span>
    </p>

    <p class='ocr_par' dir='ltr' id='par_1_15' title="bbox 278 3720 1959 3966">
     <span class='ocr_line' id='line_1_24' title="bbox 278 3720 1959 3849; baseline -0.003 -25"><span class='ocrx_word' id='word_1_226' title='bbox 278 3757 281 3764; x_wconf 84' lang='lat'>&#39;</span> <span class='ocrx_word' id='word_1_227' title='bbox 360 3751 534 3826; x_wconf 86' lang='lat' dir='ltr'><strong>Frobem&#39;i</strong></span> <span class='ocrx_word' id='word_1_228' title='bbox 548 3767 587 3825; x_wconf 85' lang='lat' dir='ltr'><strong>et</strong></span> <span class='ocrx_word' id='word_1_229' title='bbox 609 3741 723 3824; x_wconf 90' lang='lat' dir='ltr'><strong>insra</strong></span> <span class='ocrx_word' id='word_1_230' title='bbox 725 3751 897 3847; x_wconf 85' lang='lat' dir='ltr'><strong>Basileae</strong></span> <span class='ocrx_word' id='word_1_231' title='bbox 911 3750 1012 3849; x_wconf 85' lang='lat' dir='ltr'><strong>apud</strong></span> <span class='ocrx_word' id='word_1_232' title='bbox 1032 3750 1087 3824; x_wconf 90' lang='lat' dir='ltr'><strong>Jo.</strong></span> <span class='ocrx_word' id='word_1_233' title='bbox 1104 3747 1205 3823; x_wconf 84' lang='lat' dir='ltr'><strong>Frob.</strong></span> <span class='ocrx_word' id='word_1_234' title='bbox 1231 3746 1355 3822; x_wconf 88' lang='lat' dir='ltr'><strong>mense</strong></span> <span class='ocrx_word' id='word_1_235' title='bbox 1372 3747 1487 3822; x_wconf 91' lang='lat' dir='ltr'><strong>Julio.</strong></span> <span class='ocrx_word' id='word_1_236' title='bbox 1514 3749 1628 3823; x_wconf 90' lang='lat' dir='ltr'><strong>Anno</strong></span> <span class='ocrx_word' id='word_1_237' title='bbox 1653 3749 1761 3834; x_wconf 87' lang='grc'><strong>2522,</strong></span> <span class='ocrx_word' id='word_1_238' title='bbox 1765 3720 1817 3826; x_wconf 94' lang='lat'><strong>8.</strong></span> <span class='ocrx_word' id='word_1_239' title='bbox 1846 3747 1959 3821; x_wconf 89' lang='lat' dir='ltr'><strong>Char.</strong></span> 
     </span>
     <span class='ocr_line' id='line_1_25' title="bbox 358 3863 1893 3966; baseline -0.001 -27"><span class='ocrx_word' id='word_1_240' title='bbox 358 3866 424 3942; x_wconf 91' lang='lat' dir='ltr'><strong>lat.</strong></span> <span class='ocrx_word' id='word_1_241' title='bbox 446 3895 483 3966; x_wconf 93' lang='lat' dir='ltr'><strong>p</strong></span> <span class='ocrx_word' id='word_1_242' title='bbox 498 3871 581 3956; x_wconf 73' lang='lat'><strong>408</strong></span> <span class='ocrx_word' id='word_1_243' title='bbox 602 3866 716 3964; x_wconf 87' lang='lat' dir='ltr'><strong>sign.</strong></span> <span class='ocrx_word' id='word_1_244' title='bbox 706 3893 746 3939; x_wconf 90' lang='lat' dir='ltr'><strong>1n</strong></span> <span class='ocrx_word' id='word_1_245' title='bbox 766 3881 850 3939; x_wconf 90' lang='lat' dir='ltr'><strong>toto</strong></span> <span class='ocrx_word' id='word_1_246' title='bbox 869 3873 952 3956; x_wconf 80' lang='grc'><strong>424.</strong></span> <span class='ocrx_word' id='word_1_247' title='bbox 968 3865 1031 3950; x_wconf 84' lang='grc'><strong>112</strong></span> <span class='ocrx_word' id='word_1_248' title='bbox 1051 3891 1110 3964; x_wconf 85' lang='grc'><strong>29.</strong></span> <span class='ocrx_word' id='word_1_249' title='bbox 1128 3863 1251 3964; x_wconf 87' lang='lat' dir='ltr'><strong>glolhs</strong></span> <span class='ocrx_word' id='word_1_250' title='bbox 1266 3889 1383 3964; x_wconf 86' lang='lat' dir='ltr'><strong>marg</strong></span> <span class='ocrx_word' id='word_1_251' title='bbox 1406 3865 1439 3938; x_wconf 92' lang='grc'><strong>8.</strong></span> <span class='ocrx_word' id='word_1_252' title='bbox 1886 3913 1893 3920; x_wconf 93' lang='grc'>-</span> 
     </span>
    </p>
   </div>
   <div class='ocr_carea' id='block_1_14' title="bbox 555 4021 1629 4100">
    <p class='ocr_par' dir='ltr' id='par_1_16' title="bbox 555 4021 1629 4100">
     <span class='ocr_line' id='line_1_26' title="bbox 555 4021 1629 4100; baseline 0 -23"><span class='ocrx_word' id='word_1_253' title='bbox 555 4023 684 4078; x_wconf 75' lang='lat' dir='ltr'><strong>Ponzeri</strong></span> <span class='ocrx_word' id='word_1_254' title='bbox 701 4023 805 4077; x_wconf 82' lang='lat' dir='ltr'><strong>Amral.</strong></span> <span class='ocrx_word' id='word_1_255' title='bbox 822 4023 954 4098; x_wconf 78' lang='lat' dir='ltr'><strong>Typogr.</strong></span> <span class='ocrx_word' id='word_1_256' title='bbox 968 4024 1003 4078; x_wconf 87' lang='lat' dir='ltr'><strong>T.</strong></span> <span class='ocrx_word' id='word_1_257' title='bbox 1013 4022 1040 4078; x_wconf 85' lang='lat'><strong>6.</strong></span> <span class='ocrx_word' id='word_1_258' title='bbox 1059 4041 1088 4098; x_wconf 89' lang='lat' dir='ltr'><strong>p.</strong></span> <span class='ocrx_word' id='word_1_259' title='bbox 1099 4023 1161 4080; x_wconf 76' lang='grc'><strong>252.</strong></span> <span class='ocrx_word' id='word_1_260' title='bbox 1181 4024 1220 4080; x_wconf 89' lang='lat' dir='ltr'><strong>N.</strong></span> <span class='ocrx_word' id='word_1_261' title='bbox 1230 4035 1294 4100; x_wconf 79' lang='lat'><strong>427.</strong></span> <span class='ocrx_word' id='word_1_262' title='bbox 1312 4025 1415 4080; x_wconf 75' lang='lat' dir='ltr'><strong>Matre.</strong></span> <span class='ocrx_word' id='word_1_263' title='bbox 1438 4025 1473 4080; x_wconf 86' lang='grc' dir='ltr'><strong>Τ.</strong></span> <span class='ocrx_word' id='word_1_264' title='bbox 1484 4039 1510 4078; x_wconf 83' lang='grc'><strong>2.</strong></span> <span class='ocrx_word' id='word_1_265' title='bbox 1527 4021 1629 4098; x_wconf 58' lang='lat' dir='ltr'><strong>pute.</strong></span> 
     </span>
    </p>
   </div>
   <div class='ocr_carea' id='block_1_15' title="bbox 243 4197 1970 4898">
    <p class='ocr_par' dir='ltr' id='par_1_17' title="bbox 243 4197 1970 4898">
     <span class='ocr_line' id='line_1_27' title="bbox 454 4197 1970 4313; baseline 0.001 -29"><span class='ocrx_word' id='word_1_266' title='bbox 454 4217 537 4300; x_wconf 72' lang='grc'><strong>422.</strong></span> <span class='ocrx_word' id='word_1_267' title='bbox 559 4236 618 4268; x_wconf 90' lang='grc'><strong>-·</strong></span> <span class='ocrx_word' id='word_1_268' title='bbox 637 4197 885 4311; x_wconf 76' lang='lat' dir='ltr'><strong>Compendziim</strong></span> <span class='ocrx_word' id='word_1_269' title='bbox 908 4213 1174 4288; x_wconf 80' lang='lat' dir='ltr'><strong>Grammao&#39;cae</strong></span> <span class='ocrx_word' id='word_1_270' title='bbox 1191 4239 1324 4313; x_wconf 82' lang='lat' dir='ltr'><strong>graece</strong></span> <span class='ocrx_word' id='word_1_271' title='bbox 1341 4213 1475 4288; x_wconf 86' lang='lat' dir='ltr'><strong>Jacobi</strong></span> <span class='ocrx_word' id='word_1_272' title='bbox 1495 4212 1676 4310; x_wconf 65' lang='lat' dir='ltr'><strong>caporim.</strong></span> <span class='ocrx_word' id='word_1_273' title='bbox 1699 4211 1778 4307; x_wconf 90' lang='lat' dir='ltr'><strong>jam</strong></span> <span class='ocrx_word' id='word_1_274' title='bbox 1797 4209 1845 4284; x_wconf 89' lang='lat' dir='ltr'><strong>de</strong></span> <span class='ocrx_word' id='word_1_275' title='bbox 1864 4201 1970 4286; x_wconf 51' lang='lat' dir='ltr'><strong>inte-¹</strong></span> 
     </span>
     <span class='ocr_line' id='line_1_28' title="bbox 357 4313 1959 4430; baseline 0.002 -32"><span class='ocrx_word' id='word_1_276' title='bbox 357 4351 428 4426; x_wconf 86' lang='lat' dir='ltr'><strong>gro</strong></span> <span class='ocrx_word' id='word_1_277' title='bbox 444 4325 490 4401; x_wconf 91' lang='lat' dir='ltr'><strong>ab</strong></span> <span class='ocrx_word' id='word_1_278' title='bbox 507 4327 584 4426; x_wconf 91' lang='lat' dir='ltr'><strong>ipso</strong></span> <span class='ocrx_word' id='word_1_279' title='bbox 602 4329 763 4404; x_wconf 87' lang='lat' dir='ltr'><strong>authore</strong></span> <span class='ocrx_word' id='word_1_280' title='bbox 780 4313 824 4404; x_wconf 79' lang='lat' dir='ltr'><strong>¹et</strong></span> <span class='ocrx_word' id='word_1_281' title='bbox 842 4331 1059 4429; x_wconf 77' lang='lat' dir='ltr'><strong>castigatum</strong></span> <span class='ocrx_word' id='word_1_282' title='bbox 1073 4348 1111 4404; x_wconf 89' lang='lat' dir='ltr'><strong>et</strong></span> <span class='ocrx_word' id='word_1_283' title='bbox 1127 4332 1410 4430; x_wconf 86' lang='lat' dir='ltr'><strong>locupletatum.</strong></span> <span class='ocrx_word' id='word_1_284' title='bbox 1430 4371 1476 4385; x_wconf 86' lang='lat'><strong>-·</strong></span> <span class='ocrx_word' id='word_1_285' title='bbox 1493 4327 1646 4424; x_wconf 85' lang='lat' dir='ltr'><strong>Hesiodi</strong></span> <span class='ocrx_word' id='word_1_286' title='bbox 1656 4327 1881 4426; x_wconf 83' lang='lat' dir='ltr'><strong>georgicon,</strong></span> <span class='ocrx_word' id='word_1_287' title='bbox 1912 4328 1959 4402; x_wconf 87' lang='lat' dir='ltr'><strong>ab</strong></span> 
     </span>
     <span class='ocr_line' id='line_1_29' title="bbox 359 4443 1958 4545; baseline 0.003 -30"><span class='ocrx_word' id='word_1_288' title='bbox 359 4443 494 4516; x_wconf 90' lang='lat' dir='ltr'><strong>eodem</strong></span> <span class='ocrx_word' id='word_1_289' title='bbox 514 4447 687 4545; x_wconf 83' lang='lat' dir='ltr'><strong>Cepon&#39;no</strong></span> <span class='ocrx_word' id='word_1_290' title='bbox 701 4444 809 4520; x_wconf 85' lang='lat' dir='ltr'><strong>brevi</strong></span> <span class='ocrx_word' id='word_1_291' title='bbox 828 4445 970 4520; x_wconf 85' lang='lat' dir='ltr'><strong>scholio</strong></span> <span class='ocrx_word' id='word_1_292' title='bbox 990 4448 1234 4534; x_wconf 86' lang='lat' dir='ltr'><strong>adornatum,</strong></span> <span class='ocrx_word' id='word_1_293' title='bbox 1239 4447 1326 4521; x_wconf 87' lang='lat' dir='ltr'><strong>ubi</strong></span> <span class='ocrx_word' id='word_1_294' title='bbox 1348 4445 1531 4520; x_wconf 83' lang='lat' dir='ltr'><strong>dictiones</strong></span> <span class='ocrx_word' id='word_1_295' title='bbox 1555 4459 1603 4518; x_wconf 89' lang='lat' dir='ltr'><strong>et</strong></span> <span class='ocrx_word' id='word_1_296' title='bbox 1615 4444 1818 4519; x_wconf 86' lang='lat' dir='ltr'><strong>sententiae</strong></span> <span class='ocrx_word' id='word_1_297' title='bbox 1842 4471 1958 4545; x_wconf 89' lang='lat' dir='ltr'><strong>quae-</strong></span> 
     </span>
     <span class='ocr_line' id='line_1_30' title="bbox 243 4559 1962 4663; baseline 0.002 -31"><span class='ocrx_word' id='word_1_298' title='bbox 243 4651 249 4660; x_wconf 27' lang='lat'><strong>·</strong></span> <span class='ocrx_word' id='word_1_299' title='bbox 359 4559 447 4634; x_wconf 88' lang='lat' dir='ltr'><strong>dam</strong></span> <span class='ocrx_word' id='word_1_300' title='bbox 465 4561 720 4650; x_wconf 86' lang='lat' dir='ltr'><strong>obscuriores,</strong></span> <span class='ocrx_word' id='word_1_301' title='bbox 747 4578 860 4663; x_wconf 89' lang='lat' dir='ltr'><strong>atque</strong></span> <span class='ocrx_word' id='word_1_302' title='bbox 886 4564 1010 4638; x_wconf 88' lang='lat' dir='ltr'><strong>obiter</strong></span> <span class='ocrx_word' id='word_1_303' title='bbox 1030 4589 1255 4663; x_wconf 89' lang='lat' dir='ltr'><strong>graecorum</strong></span> <span class='ocrx_word' id='word_1_304' title='bbox 1279 4564 1491 4638; x_wconf 89' lang='lat' dir='ltr'><strong>carminum</strong></span> <span class='ocrx_word' id='word_1_305' title='bbox 1515 4561 1612 4636; x_wconf 88' lang='lat' dir='ltr'><strong>ratio</strong></span> <span class='ocrx_word' id='word_1_306' title='bbox 1643 4560 1891 4637; x_wconf 83' lang='lat' dir='ltr'><strong>declarantur.</strong></span> <span class='ocrx_word' id='word_1_307' title='bbox 1908 4581 1962 4622; x_wconf 88' lang='lat'><strong>-·&#39;</strong></span> 
     </span>
     <span class='ocr_line' id='line_1_31' title="bbox 324 4665 1956 4784; baseline 0.003 -36.08"><span class='ocrx_word' id='word_1_308' title='bbox 324 4675 640 4784; x_wconf 76' lang='lat' dir='ltr'><strong>Epigrammata</strong></span> <span class='ocrx_word' id='word_1_309' title='bbox 663 4680 848 4780; x_wconf 88' lang='lat' dir='ltr'><strong>quaedam</strong></span> <span class='ocrx_word' id='word_1_310' title='bbox 874 4681 1059 4781; x_wconf 89' lang='lat' dir='ltr'><strong>lepidiora</strong></span> <span class='ocrx_word' id='word_1_311' title='bbox 1089 4682 1171 4756; x_wconf 89' lang='lat' dir='ltr'><strong>vice</strong></span> <span class='ocrx_word' id='word_1_312' title='bbox 1193 4681 1372 4755; x_wconf 80' lang='lat' dir='ltr'><strong>coronidis</strong></span> <span class='ocrx_word' id='word_1_313' title='bbox 1405 4681 1556 4778; x_wconf 86' lang='lat' dir='ltr'><strong>adjecta.</strong></span> <span class='ocrx_word' id='word_1_314' title='bbox 1582 4719 1631 4736; x_wconf 93' lang='lat'><em>-</em></span> <span class='ocrx_word' id='word_1_315' title='bbox 1655 4679 1827 4774; x_wconf 84' lang='lat' dir='ltr'><strong>Basileae</strong></span> <span class='ocrx_word' id='word_1_316' title='bbox 1853 4665 1956 4779; x_wconf 88' lang='lat' dir='ltr'><strong>apud</strong></span> 
     </span>
     <span class='ocr_line' id='line_1_32' title="bbox 364 4793 1951 4898; baseline 0.003 -32"><span class='ocrx_word' id='word_1_317' title='bbox 364 4793 591 4872; x_wconf 70' lang='lat' dir='ltr'><strong>Valentinum</strong></span> <span class='ocrx_word' id='word_1_318' title='bbox 611 4801 797 4875; x_wconf 76' lang='lat' dir='ltr'><strong>Curionem</strong></span> <span class='ocrx_word' id='word_1_319' title='bbox 812 4824 1027 4898; x_wconf 82' lang='lat' dir='ltr'><strong>graecae-</strong></span> <span class='ocrx_word' id='word_1_320' title='bbox 1044 4799 1157 4876; x_wconf 91' lang='lat' dir='ltr'><strong>Hae</strong></span> <span class='ocrx_word' id='word_1_321' title='bbox 1146 4827 1186 4876; x_wconf 85' lang='grc'><strong>22</strong></span> <span class='ocrx_word' id='word_1_322' title='bbox 1202 4800 1328 4876; x_wconf 82' lang='lat' dir='ltr'><strong>fronte</strong></span> <span class='ocrx_word' id='word_1_323' title='bbox 1348 4799 1466 4876; x_wconf 89' lang='lat' dir='ltr'><strong>limbo</strong></span> <span class='ocrx_word' id='word_1_324' title='bbox 1492 4813 1627 4874; x_wconf 87' lang='lat' dir='ltr'><strong>ornata</strong></span> <span class='ocrx_word' id='word_1_325' title='bbox 1646 4795 1708 4870; x_wconf 90' lang='lat' dir='ltr'><strong>sol.</strong></span> <span class='ocrx_word' id='word_1_326' title='bbox 1729 4797 1807 4890; x_wconf 88' lang='lat'><strong>175.</strong></span> <span class='ocrx_word' id='word_1_327' title='bbox 1831 4793 1895 4870; x_wconf 91' lang='lat' dir='ltr'><strong>liu.</strong></span> <span class='ocrx_word' id='word_1_328' title='bbox 1915 4819 1951 4891; x_wconf 88' lang='lat'><strong>9.</strong></span> 
     </span>
    </p>
   </div>
   <div class='ocr_carea' id='block_1_16' title="bbox 0 0 2358 5862">
    <p class='ocr_par' dir='ltr' id='par_1_18' title="bbox 0 0 2358 5862">
     <span class='ocr_line' id='line_1_33' title="bbox 0 0 2358 5862; baseline 0 0"><span class='ocrx_word' id='word_1_329' title='bbox 0 0 2358 5862; x_wconf 95' lang='lat' dir='ltr'><strong> </strong></span> 
     </span>
    </p>
   </div>
  </div>
 </body>
</html>
