4706 5868
770 624 1011 688 carssooos
1037 619 1412 682 nlnuoottanttlcus
1439 623 1591 682 mnxvt.
1924 637 1969 714 97

357 759 587 912 sritmlonge
605 806 822 906 diligentius
839 804 1023 904 repofitae
1045 802 1265 902 majoreque
1292 798 1485 900 diligentia
1508 799 1700 901 castigatae
1726 827 1815 879 cum
1840 805 1973 908 copio-

366 931 461 1004 siore
479 925 707 1024 verioreque
727 922 870 1007 indice,
892 946 1062 994 necnon
1084 945 1173 992 cum
1191 919 1347 991 Aemilii
1361 917 1475 992 Probi
1485 921 1567 992 et'tzu
1574 947 1587 1004 ‚·
1612 945 1796 996 unacum
1819 922 1970 1023 figuris:

362 1046 436 1123 suis
451 1045 544 1119 locis
563 1057 651 1142 apte
668 1037 849 1139 dispositis
871 1080 912 1097 ·-
932 1035 1075 1136 lnfigne
1097 1035 1268 1134 Typogr.
1289 1035 1341 1110 M.
1371 1035 1408 1110 S.
1429 1077 1472 1092 -
1498 1037 1662 1111 Haecin
1688 1038 1825 1116 fronte.
1843 1083 1894 1100 -
1909 1043 1973 1116 Jo-

367 1166 453 1238 dnci
475 1162 593 1235 Bam·
607 1157 769 1257 Epistola
784 1155 831 1230 ad
854 1155 1106 1228 Alexandrum
1123 1152 1353 1250 Monensritm
1374 1169 1443 1228 etc.
1469 1153 1617 1228 Tabula
1637 1156 1899 1255 Alphabetica.
1922 1197 1972 1216 -

369 1280 433 1354 sol.
457 1307 485 1353 1.
507 1278 586 1352 vita
609 1272 797 1371 Thesei-
819 1271 882 1346 sol.
903 1271 985 1344 360.
1007 1271 1042 1344 b.
1061 1270 1125 1343 lin.
1143 1269 1203 1342 30.
1220 1313 1267 1330 -
1295 1270 1422 1344 Habes
1439 1270 1500 1344 hic
1516 1271 1635 1354 lector
1655 1273 1811 1349 studiose
1828 1293 1897 1352 etc.
1920 1313 1971 1338 ο-

366 1395 564 1470 illustrium
580 1394 754 1467 virorum
769 1391 866 1464 vitas
885 1429 929 1443 -
949 1385 1166 1487 recognitus
1184 1385 1457 1487 impressusque
1482 1389 1639 1461 Venetus
1657 1390 1884 1470 exactissima
1906 1420 1972 1468 cu-

365 1538 409 1587 ra
438 1537 508 1612 per
539 1508 773 1584 Melchzorem
807 1503 944 1601 Sessam
982 1519 1020 1577 et
1057 1503 1200 1576 Petrum
1235 1503 1281 1578 de
1312 1503 1478 1576 liuvanis
1508 1503 1629 1579 socios
1661 1507 1777 1582 Anno
1809 1510 1970 1584 Domini

365 1613 707 1702 MCCCCCXVl.
737 1621 798 1696 die
825 1619 972 1693 XXVl.
996 1619 1239 1694 Novembris.
1269 1620 1409 1720 inslgne
1437 1635 1588 1720 typogr.
1621 1624 1674 1697 M.
1702 1626 1740 1699 S.
1770 1625 1881 1701 Char.
1908 1629 1969 1702 lat.

364 1746 440 1820 foll.
460 1745 542 1819 360.
564 1743 650 1842 stgn.
666 1743 724 1816 26.
741 1739 817 1813 slne
831 1762 1004 1812 numero.
1029 1736 1191 1836 Figurae
1209 1739 1422 1840 permultae
1452 1737 1521 1814 litt.
1547 1739 1678 1816 initial.
1705 1741 1850 1821 incisae.
1870 1743 1970 1846 gloss.

364 1889 481 1963 marg.
513 1861 576 1938 lin.
594 1863 652 1960 59.
677 1859 702 1933 s.
802 1923 806 1932 .

554 1995 787 2076 Splendidissima
806 1993 879 2050 haec
904 1991 994 2048 editio
1011 1992 1045 2048 in
1068 1991 1151 2049 nulla
1167 1993 1317 2050 annalium
1343 1993 1599 2072 Typographicor.
1624 1997 1784 2054 recensione
1808 1999 1972 2076 reperitur,

656 2106 715 2165 quo
730 2089 797 2146 calu
813 2087 930 2152 omisa,
947 2085 1053 2142 neseio.

459 2261 542 2334 282.
560 2299 609 2319 -·
626 2259 792 2332 Practica
810 2257 850 2331 in
870 2257 1057 2354 chirurgia
1077 2293 1123 2308 -
1148 2253 1288 2352 infigne
1307 2279 1395 2329 cum
1410 2254 1654 2356 inscriptione
1685 2260 1892 2334 lanceatus
1922 2261 1970 2340 de

364 2379 597 2454 Pontonariis
621 2377 768 2448 Tn'dino
789 2374 834 2448 de
849 2391 968 2447 monte
984 2375 1130 2444 Ferrato
1142 2411 1193 2430 —·
1213 2369 1312 2446 insra
1329 2371 1501 2445 Praetica
1519 2371 1559 2445 in
1574 2388 1654 2448 arte
1671 2374 1886 2475 chirurgica
1906 2404 1969 2450 co-

362 2495 468 2596 piosa
492 2496 646 2568 Ioannis
661 2492 708 2566 de
730 2495 819 2590 Vigo
835 2491 933 2565 Julii
946 2487 994 2563 11.
1018 2488 1157 2562 Pontis.
1179 2489 1279 2562 Max.
1307 2487 1505 2563 continens
1531 2514 1673 2564 novem
1694 2491 1812 2568 libros
1832 2510 1901 2568 etc.
1918 2537 1969 2554 -

362 2639 450 2687 cum
464 2611 681 2708 Privilegio.
700 2649 746 2666 -
760 2611 865 2683 Haec
883 2608 922 2680 in
942 2607 1068 2683 fronte
1091 2649 1135 2663 -
1156 2605 1220 2678 sol.
1247 2605 1325 2703 196.
1343 2603 1407 2678 lin.
1425 2611 1483 2696 44.
1499 2605 1675 2705 praesens
1697 2632 1794 2708 opus
1808 2607 1964 2711 impres·
2054 2593 2056 2604 Ι

359 2729 443 2806 sum
468 2728 541 2802 suit
559 2727 733 2825 Lugduni
752 2725 792 2798 in
821 2724 977 2800 aedibus
1006 2725 1081 2797 Iac.
1104 2722 1191 2822 Myt.
1213 2723 1464 2822 Calcographi
1481 2765 1531 2781 -
1550 2721 1762 2824 sumptibus
1789 2729 1971 2803 Wncentii

361 2846 587 2920 Pononun‘is
610 2845 725 2918 Anno
741 2841 945 2942 aVirgsnis
963 2858 1076 2943 partu
1096 2841 1149 2914 M.
1163 2840 1213 2913 D.
1232 2839 1381 2914 decimo
1402 2839 1517 2914 sexto.
1543 2838 1604 2914 die
1624 2867 1717 2917 vero
1737 2840 1870 2920 menda
1894 2847 1967 2924 Oc·

361 2963 492 3041 tobria.
514 2962 625 3038 Char.
647 2961 750 3061 goth.
769 2960 904 3034 minut.
928 2959 1101 3058 loll.193.
1120 2957 1206 3056 fign.
1225 2957 1264 3032 in
1285 2973 1368 3032 toto
1396 2960 1473 3058 196.
1492 2958 1557 3034 lin.
1576 2959 1633 3050 54.
1650 2966 1684 3051 4.

552 3097 656 3158 Editio
673 3096 764 3154 rarils.
780 3094 942 3154 huouadum
959 3115 1020 3152 non
1036 3095 1180 3153 recensita.

1030 3261 1083 3336 M.
1109 3263 1157 3338 D.
1186 3264 1311 3338 XVll.

454 3406 536 3480 283.
553 3447 602 3464 -
619 3405 781 3479 Lucium·
792 3402 976 3488 Piscator,
992 3399 1056 3476 seu
1073 3401 1351 3476 reviviscentes.
1370 3401 1558 3476 Bilibaldo
1569 3401 1858 3503 Brrclrheymerm
1876 3405 1968 3483 Cae·

358 3525 463 3600 sareo
483 3523 729 3609 consiliario,
759 3520 925 3605 Patricio
950 3544 993 3591 ac
1020 3518 1225 3604 Senatore,
1250 3517 1541 3618 Nurenbergensi
1563 3519 1774 3619 interpret'e
1789 3563 1840 3581 -
1857 3523 1966 3596 Eius·

356 3644 437 3716 dem
457 3639 621 3740 Epistola
641 3637 894 3738 Apologetica
912 3635 1096 3708 Pindarus
1115 3652 1184 3708 etc.
1205 3675 1247 3690 -
1264 3635 1368 3708 Haec
1386 3635 1426 3707 in
1440 3635 1565 3708 fronte
1586 3635 1704 3708 limbo
1723 3637 1964 3716 circumdata.

356 3759 420 3836 sol.
438 3757 521 3834 eod.
542 3758 578 3830 b.
601 3754 788 3830 Bz'libaldi
801 3751 1077 3851 Birclrheymen‘
1088 3751 1252 3850 Epistola
1268 3751 1314 3826 ad
1323 3752 1558 3824 Laurentium
1568 3749 1739 3854 Beheym.
1759 3795 1808 3839 -‚·
1828 3757 1892 3832 sol.
1907 3763 1965 3834 25.

254 3861 262 3872 ’
358 3875 394 3948 b.
414 3874 477 3947 lin.
493 3899 547 3946 ιι.
566 3869 784 3970 impressum
800 3895 870 3969 per
892 3868 1108 3940 Fnilen'cum
1125 3868 1266 3967 Peypus
1273 3866 1528 3966 Nurenbergue
1547 3865 1652 3945 sexto
1664 3872 1794 3946 Nonas
1805 3873 1964 3950 Octobr.

349 3991 465 4064 Anno
487 3987 612 4062 salutis
631 3988 682 4060 M.
692 3987 739 4060 D.
753 3985 874 4058 XVll.
895 3985 1007 4059 Char.
1028 3985 1088 4059 lat.
1113 3984 1243 4084 grand.
1268 3983 1402 4084 glossae
1431 4003 1549 4084 marg.
1578 3986 1655 4062 soll.
1681 3991 1740 4063 25.
1769 4015 1849 4065 non
1876 3991 1962 4093 sign.
2023 4023 2030 4034 ·

354 4107 418 4182 lin.
439 4107 496 4182 33.
518 4111 552 4196 4.
655 4137 657 4140 ’

547 4243 677 4300 Panaeti
694 4241 799 4298 Annal.
816 4242 948 4318 Typogr.
967 4241 1001 4297 T.
1010 4261 1037 4316 7.
1056 4237 1158 4316 p.459.
1178 4241 1216 4298 N.
1228 4241 1289 4304 133.
1307 4241 1411 4298 Mutet.
1429 4240 1465 4298 Τ.
1477 4253 1502 4297 a.
1521 4259 1550 4316 p.
1560 4243 1627 4297 302·

449 4411 767 4509 284.-·Dtes1'derz'1'
782 4409 1171 4507 Erusmilloterodumi
1184 4409 1229 4484 de
1243 4407 1384 4509 duplici
1405 4409 1515 4509 copia
1532 4411 1741 4488 verborum
1766 4437 1810 4488 ac
1828 4441 1961 4490 rerum

352 4531 629 4606 Commentarii
639 4529 915 4626 duo-Erasini
930 4527 976 4602 de
988 4527 1134 4602 ratione
1152 4525 1270 4612 studii,
1283 4526 1446 4628 denique
1459 4527 1587 4628 pueris
1603 4529 1834 4606 instituendis
1846 4533 1962 4609 Com·

354 4648 615 4732 memoriosus,
636 4647 682 4722 ad
693 4647 836 4719 Petrum
853 4647 1020 4718 {silenum
1044 4644 1207 4719 Gallum.
1217 4643 1408 4740 -Erusmi
1422 4611 1468 4718 de
1487 4646 1660 4722 laudibus
1683 4649 1883 4738 literariae,
1906 4652 1960 4725 lo-

354 4765 511 4852 cietatis,
524 4764 781 4866 Reipublicae,
792 4791 834 4864 ac
845 4761 1126 4864 magistratuum
1141 4761 1492 4860 urbiaArgentinae,
1509 4764 1671 4863 Epistola
1681 4766 1963 4866 planeErasmi«

323 4991 329 5000 ,
460 4901 552 4981 Vols.
571 4902 623 4982 ΙΙ.
1543 4902 1578 4974 Ν
