4706 5868
750 692 990 753 earinocus
1016 691 1390 755 2222200222222000
1416 698 1586 758 unxvu.
1840 663 1845 674 ’
1936 714 1985 788 99
2063 729 2071 736 -

382 899 470 950 cum
485 870 815 948 benedictionibus
836 872 1099 968 candelarum,
1124 873 1246 946 caerei
1264 873 1445 973 paschalis
1467 892 1507 950 et
1531 877 1717 967 fontium,
1743 879 1981 959 familiariter

382 993 641 1098 02910902.-
670 989 846 1076 Tertius,
876 991 930 1062 Ea
952 1016 1049 1088 quae
1077 989 1124 1062 ad
1158 989 1285 1066 Millae
1314 992 1509 1090 pertinent
1535 993 1730 1082 officium,
1760 999 1984 1097 praesertim

379 1110 633 1209 praefationes
655 1123 695 1182 et
716 1105 862 1181 lacrum
883 1133 1068 1182 canonem
1089 1107 1257 1182 breviter
1276 1109 1448 1208 explicat.
1463 1153 1514 1166 -
1532 1110 1731 1206 Quartus..
1749 1114 1983 1217 Prolasquae

380 1225 420 1298 in
439 1225 554 1300 lancti
573 1225 699 1300 altaris
713 1223 894 1298 sacrificio
915 1239 1001 1298 ante
1019 1224 1257 1322 evangelium
1271 1224 1467 1311 dicuntur,
1489 1243 1567 1300 tam
1584 1227 1630 1302 de
1649 1245 1843 1330 tempore,
1865 1219 2004 1332 quam¹

378 1341 513 1417 sanctis
541 1335 914 1416 facili‘armotatione
941 1339 1131 1414 dilucidat.
1164 1343 1297 1414 Jodoco
1321 1345 1487 1417 elictovco
1517 1344 1762 1443 explanatore
1794 1349 1897 1449 apud
1924 1351 1981 1424 in·

241 1445 246 1454 ¹
378 1460 519 1558 clytum
536 1458 752 1558 germaniae
770 1456 968 1554 Basileam.
991 1499 1040 1516 -
1064 1457 1169 1532 Haec
1192 1459 1232 1531 in
1251 1459 1379 1534 fronte
1406 1458 1525 1533 limbo
1548 1457 1842 1559 splendidillimo
1868 1491 1982 1542 orna-

376 1592 425 1649 ta.
443 1617 490 1634 -·
504 1577 566 1650 sol.
585 1575 667 1650 eod.
690 1575 725 1649 b.
757 1573 990 1673 Volpliangus
1011 1572 1169 1674 Philipp.
1199 1577 1322 1675 Capiio
1337 1576 1384 1650 ad
1408 1575 1695 1677 Christophorum
1719 1581 1981 1658 Utenheztnium

377 1693 549 1794 Episcop.
558 1682 567 1702 ⁸
576 1689 823 1768 Bafilienlem.
840 1681 889 1750 -ἶ
904 1690 1018 1764 index
1032 1733 1083 1750 -·
1094 1690 1168 1765 alia
1178 1692 1341 1792 Epistola
1357 1694 1522 1768 auctoris
1543 1693 1588 1768 ad
1606 1697 1781 1770 Ioannem
1802 1701 1980 1778 Gozthon.

376 1811 423 1886 de
441 1811 611 1884 Zelcstlre
626 1810 819 1910 superiore
838 1808 879 1882 in
894 1808 1091 1882 Pannonia
1107 1850 1159 1867 -
1180 1809 1244 1882 101.
1266 1835 1349 1908 229.
1377 1809 1441 1885 lin.
1458 1811 1515 1901 48.
1546 1811 1719 1908 Basileus
1745 1816 1847 1916 apud
1875 1816 1981 1894 1000.

371 1927 582 2002 Frobcmicm
604 1924 731 2002 menie
747 1925 903 2026 Augusti
922 1925 1037 2002 Anno
1056 1928 1159 2024 1517.
1178 1925 1290 2002 Char.
1313 1927 1375 2001 lat.
1392 1926 1525 2026 glollae
1542 1953 1659 2030 marg.
1679 1929 1756 2006 loll.
1776 1957 1859 2032 229.
1890 1933 1978 2034 lign.
2037 1906 2042 1930 i

374 2045 414 2118 in
432 2061 515 2120 toto
533 2045 616 2119 235.
632 2042 696 2118 lin.
710 2044 767 2116 56.
785 2043 808 2118 f.

465 2171 471 2182 '
567 2164 698 2219 Panzeri
709 2161 815 2217 AnuaL
834 2162 967 2236 Typogr.
988 2159 1022 2216 T.
1032 2159 1059 2216 6.
1084 2180 1114 2237 9.
1133 2177 1196 2217 202.
1219 2161 1260 2216 N.
1280 2157 1342 2237 289.
1364 2161 1468 2223 Mailt.
1488 2163 1523 2218 Τ.
1534 2177 1561 2220 2.
1577 2183 1606 2238 p.
1617 2179 1680 2240 297.

470 2331 553 2430 289.
569 2372 621 2388 -
645 2328 852 2426 Philomusi
873 2329 997 2403 oratio
1024 2327 1070 2403 de
1091 2328 1261 2402 Pollione
1287 2328 1493 2402 81221111-
1517 2331 1622 2406 Haec
1647 2331 1689 2404 in
1714 2334 1868 2411 fronte:
1895 2337 1981 2412 finit

371 2449 436 2522 sol.
453 2475 510 2522 2ο.
530 2450 551 2522 l.
571 2447 631 2522 33.
654 2445 788 2520 excusa
807 2445 847 2519 in
866 2445 1023 2519 officina
1040 2446 1249 2520 Mulen'cma
1273 2444 1458 2542 Augustae
1482 2448 1742 2522 Vindelritomm
1761 2455 1827 2526 Vl.
1856 2453 1978 2528 Nonis

372 2565 529 2640 Martias
546 2565 662 2638 Anno
684 2562 928 2636 M.D.XVll.
945 2562 1056 2636 Char.
1074 2562 1177 2661 goth.
1195 2564 1255 2636 lat.
1273 2560 1350 2635 foll.
1371 2587 1430 2636 20.
1446 2589 1525 2636 non
1542 2562 1629 2660 [ign.
1647 2565 1710 2640 lin.
1727 2565 1786 2639 33.
1805 2573 1839 2656 4.

565 2681 696 2737 Ponzeri
713 2679 819 2734 Annnl.
837 2680 968 2754 Typogr.
989 2681 1025 2734 Τ.
1034 2679 1061 2735 6.
1080 2703 1107 2754 p.
1119 2675 1181 2754 148.
1198 2679 1236 2734 N.
1250 2679 1311 2733 205.
1332 2679 1419 2754 Zaps
1430 2679 1451 2734 l.
1469 2699 1491 2742 0,
1512 2679 1547 2734 Τ.
1558 2695 1585 2733 2.
1602 2699 1631 2754 p.
1650 2699 1711 2736 200.
1729 2683 1768 2738 N.
1783 2677 1812 2738 8.
1832 2687 1977 2763 exemph.
2120 2659 2123 2664 Ι

656 2773 686 2826 21
705 2769 801 2828 nostro
818 2769 972 2826 secundum
993 2773 1182 2826 reeenlionem
1208 2772 1336 2826 Panaeti
1359 2769 1472 2843 aliquid
1499 2769 1586 2826 (100110
1603 2769 1737 2841 videtur,
1764 2779 1898 2848 quamvis
1917 2779 1977 2834 ele.

655 2863 737 2937 giam
753 2878 781 2916 et
798 2861 868 2916 221102
884 2875 941 2916 2202
959 2864 1105 2918 0202102202
1119 2862 1154 2918 de
1169 2861 1328 2928 olraritate,
1348 2861 1533 2930 bumilitate,
1558 2879 1586 2919 02
1601 2862 1749 2935 Mysteriis
1765 2866 1976 2946 divinitateque

557 2960 562 2972 ⁴
655 2955 834 3013 sacramenti
849 2954 986 3011 eontinet.
1975 2957 1982 2979 '

435 3149 439 3154 ·
466 3152 549 3226 290.
565 3167 614 3184 --
641 3125 763 3198 Si'leni
783 3122 999 3197 Alcibiadis.
1025 3075 1096 3222 per
1119 3122 1342 3220 Deszvenam
1371 3067 1559 3221 Erasmum
1588 3125 1863 3206 Boterodamum
1886 3159 1975 3208 cum

366 3241 965 3318 10120111210000281808002100.
983 3282 1033 3297 -
1055 3240 1161 3316 Haec
1181 3241 1221 3314 in
1241 3241 1376 3316 sronte.
1400 3241 1462 3328 iol.
1489 3245 1541 3314 28.
1564 3247 1645 3340 post
1666 3244 1793 3344 inlign.
1820 3265 1972 3348 typogr.

367 3364 468 3437 Aldi.
487 3360 655 3459 Bastliac
670 3359 773 3460 apud
788 3359 1000 3434 Frobemicm
1020 3357 1145 3432 mense
1169 3357 1295 3458 Aprili
1313 3358 1429 3434 Anno
1450 3359 1502 3434 M.
1515 3359 1562 3433 D.
1575 3359 1699 3435 XVll.
1715 3369 1749 3450 4.
1773 3363 1884 3439 Char.
1908 3367 1971 3442 lat.

365 3481 443 3556 foll.
461 3479 546 3578 fign.
566 3505 619 3576 ¹7·
637 3478 712 3552 fine
729 3479 843 3550 Num.
867 3505 896 3548 1.
918 3477 982 3550 lin.
998 3501 1056 3574 29.
1077 3480 1110 3565 4.
1125 3483 1152 3550 .’

557 3596 686 3651 Panaeti
700 3593 806 3650 Annal.
822 3595 954 3668 Typogr.
973 3594 1007 3650 T.
1017 3591 1044 3648 6.
1069 3611 1100 3667 p.
1118 3607 1182 3647 201.
1199 3591 1238 3646 N.
1259 3587 1322 3648 285.

461 3789 544 3863 292.
566 3805 617 3822 -
635 3762 790 3840 Bellum.
813 3763 888 3836 Per
905 3759 1026 3858 Defid.
1048 3757 1237 3856 Erasmum
1259 3758 1546 3836 Boterodamum.
1571 3799 1616 3818 -
1644 3761 1748 3835 Haec
1774 3762 1824 3835 in·
1840 3764 1967 3842 fronte

357 3881 435 3964 litt.
451 3879 598 3976 majule.
622 3879 686 3954 fol.
705 3905 762 3953 20.
790 3879 852 3952 lin.
877 3875 1036 3967 24112210
1063 3875 1237 3971 Basileae
1255 3875 1356 3976 apud
1380 3876 1436 3950 Jo.
1461 3875 1672 3950 Frobcmicm
1691 3877 1818 3953 mense
1841 3882 1968 3982 Aprili

210 3972 215 3982 “
368 3999 484 4072 anno
501 3996 749 4070 mnxvu.
770 4002 802 4086 4-
827 3995 938 4068 char.
959 3995 1021 4068 20.
1043 3992 1120 4066 fou.
1140 3992 1225 4091 flgn.
1244 3979 1301 4066 20'.
1323 3992 1386 4066 lin.
1403 4019 1460 4091 29.
1479 4001 1513 4084 4.
1549 4079 1553 4086 .

554 4115 684 4171 Panaeti
692 4111 796 4170 Annal.
813 4113 945 4188 Typogr.
967 4113 1002 4167 T.
1010 4110 1038 4170 6.
1054 4131 1084 4188 9.
1095 4124 1159 4168 200.
1180 4110 1219 4166 N.
1232 4105 1292 4184 284.
1309 4110 1407 4166 eadem
1425 4109 1515 4167 editio
1534 4127 1659 4166 attamen
1676 4111 1752 4168 male
1767 4117 1910 4174 2000221220.

459 4310 542 4384 292.
562 4325 609 4343 -
644 4281 837 4357 Plutarchi
860 4280 1074 4356 Chaeronei
1100 4281 1147 4354 de
1173 4280 1287 4354 exilio
1312 4279 1460 4378 Angclo
1487 4280 1649 4354 Barbato
1673 4283 1892 4384 interprete.
1918 4328 1965 4348 -·

363 4401 469 4477 Haec
494 4401 534 4474 in
552 4401 678 4474 fronte
701 4399 831 4498 figuris
849 4413 992 4473 ornata.
1009 4398 1136 4471 -101
1157 4397 1239 4472 eod.
1259 4397 1294 4470 b.
1316 4397 1459 4497 Angeli
1470 4397 1628 4471 Barbati
1638 4401 1800 4501 Epistola
1818 4403 1864 4476 ad
1873 4404 1963 4478 Lco'-

359 4547 441 4594 nem
456 4519 505 4592 X.
528 4516 764 4591 Pontificem.
782 4557 828 4576 ·-
848 4515 910 4588 101.
932 4539 985 4604 ro.
1010 4514 1072 4588 lin.
1089 4515 1123 4588 8.
1144 4513 1362 4613 imprellum
1389 4514 1644 4614 Nurenbergae
1659 4545 1731 4618 per
1748 4521 1963 4594 blidericum

359 4638 510 4739 2090.
530 4635 794 4740 M.D.xv11.
822 4633 882 4708 die
902 4633 990 4706 xv,
1018 4629 1110 4705 surii
1137 4630 1262 4730 infign.
1284 4632 1454 4734 rypogr.
1483 4633 1593 4708 coar.
1612 4635 1672 4710 20.
1695 4635 1772 4712 fou.
1801 4665 1854 4712 10.
1881 4618 1962 4712 ion

357 4755 717 4857 QMMMU

550 4869 799 4934 Ρο00021122201.
821 4871 953 4948 Typogr.
971 4871 1006 4964 Τ.
1023 4889 1050 4944 7.
1066 4888 1096 4946 p.
1115 4863 1180 4943 458.
1196 4867 1234 4924 N.
1248 4868 1310 4925 1³1.
1388 4893 1390 4898 ·
1492 4939 1528 5011 N

722 5007 724 5012 .
1554 4964 1576 5011 2
