4696 5860
758 680 998 740 caranocus
1025 679 1400 744 nmuoonarnrcus
1426 671 1592 773 unum⁴
1918 683 1967 758 35
2057 661 2074 670 ”

456 845 515 960 95.
525 901 569 930 ,·-
581 859 765 960 Speculum
776 860 924 932 ourmoe
932 888 944 930 .·
960 859 1025 934 seu
1042 859 1299 960 soliloquium
1312 864 1518 939 Heum'cide
1527 865 1660 964 Hoffi‘o
1671 873 1827 948 maximi
1837 877 1966 954 Theo-

361 978 438 1076 logi
454 976 687 1052 secularis·
706 991 841 1062 contra
857 990 992 1075 poetae
1002 1001 1075 1074 pro
1096 975 1308 1074 Theologia
1327 979 1479 1077 epistola
1492 985 1650 1058 Ioannis
1671 992 1903 1090 Componi—
1918 999 1965 1074 de
2024 1065 2029 1075 ,

359 1109 564 1194 poetarum
579 1091 799 1168 infelicitate
821 1119 975 1168 carmen
991 1089 1172 1186 Fausti-.-
1186 1091 1512 1171 Eiusdem‘verlus
1526 1099 1565 1174 in
1581 1102 1871 1205 Theologorum
1886 1114 1964 1188 lau-

361 1211 504 1284 dem-
519 1208 648 1308 Elegia
671 1209 830 1283 Jooum's
851 1209 972 1308 Papae
997 1209 1144 1283 XXlll.
1171 1209 1211 1283 in
1228 1210 1405 1310 ¹Concilio
1431 1215 1702 1294 Constancienfi
1722 1222 1897 1323 deposlti:
1917 1273 1966 1291 -

359 1324 490 1425 Elegia
504 1323 711 1422 Sebastmni
726 1327 868 1399 Broudt
883 1325 921 1398 in
938 1343 1105 1400 mortem
1124 1326 1293 1426 Phihppi
1312 1329 1425 1428 Regis
1451 1331 1605 1428 Castelle
1622 1337 1688 1409 filii
1706 1339 1968 1420 Mourmilzom‘

356 1440 484 1540 Regis.
494 1484 541 1500 ·-
557 1442 661 1516 Haec
677 1442 717 1515 in
735 1442 876 1516 fronte:
898 1441 960 1515 sol.
977 1443 1122 1517 eodem.
1134 1443 1352 1545 Hieronymi
1364 1447 1592 1524 Hammerlt'u
1608 1452 1816 1533 decasticon
1833 1460 1872 1534 in
1886 1463 1963 1538 lau-

359 1559 446 1632 dem
467 1559 622 1630 Henm'cr'
635 1559 681 1633 de
705 1557 838 1656 Hoffi'o
865 1573 934 1633 etc.
962 1601 1003 1616 -
1020 1559 1084 1633 fol.
1100 1586 1132 1633 2.
1156 1560 1319 1661 Epistola
1349 1567 1630 1668 Wrmphelingir'
1650 1573 1697 1646 ad
1716 1577 1898 1652 Joouuem
1916 1582 1963 1658 de

287 1709 291 1717 ·
357 1675 601 1771 Heugnem'llo
619 1717 665 1731 -
681 1675 742 1748 fol.
772 1676 805 1750 3.
825 1677 1033 1775 Speculum
1052 1676 1199 1752 animae
1218 1680 1282 1753 fol.
1304 1706 1362 1756 22.
1380 1681 1442 1756 lin.
1471 1711 1528 1758 21.
1547 1687 1766 1788 imprellum
1785 1697 1965 1798 Argento-

351 1775 470 1865 rotr‘a
487 1791 632 1864 Joouue
648 1791 883 1867 Knobloucho
901 1793 1026 1868 XVII.
1050 1793 1110 1868 Kl.
1128 1795 1283 1897 Augusti
1305 1798 1513 1877 M.D.Vll.
1541 1804 1653 1882 Char.
1674 1834 1770 1887 rom.
1802 1813 1878 1889 foll.
1903 1845 1962 1896 22.

351 1897 432 1981 non
448 1906 533 2006 fign.
554 1907 616 1982 lin.
634 1907 691 1981 33.
718 1913 752 1997 [μ
804 1935 806 1940 ’
952 1951 954 1956 v

542 2047 672 2104 rameri
687 2046 793 2102 Annal.
813 2046 945 2123 Typogr.
970 2049 1005 2103 Τ.
1017 2046 1043 2103 6.
1064 2067 1092 2122 p.
1115 2045 1160 2106 38.
1179 2053 1219 2107 N.
1227 2069 1273 2128 97.

444 2215 502 2310 96.
518 2252 568 2270 —
594 2214 779 2313 Speculum
800 2214 1077 2290 adhortationis
1100 2217 1280 2294 Judaicae
1310 2221 1356 2296 ad
1377 2223 1565 2302 Christum
1577 2271 1626 2289 -
1642 2233 1747 2310 Haec
1777 2239 1818 2314 in
1834 2241 1961 2321 fronte

352 2355 441 2404 cum
463 2329 590 2429 effigie
608 2331 859 2405 Crucifixi.-
874 2331 939 2405 fol.
957 2357 1015 2404 20.
1039 2330 1101 2406 lin.
1120 2333 1178 2408 38.
1202 2335 1346 2438 editum
1367 2342 1542 2416 Colomire
1558 2372 1630 2444 per
1645 2351 1851 2428 Iohannem
1871 2359 1961 2456 Pes.

337 2445 493 2543 serlum
508 2447 600 2520 olim
617 2447 786 2521 Judeum
803 2447 919 2520 modo
945 2447 1184 2554 Christrouum
1201 2453 1316 2527 Anno
1335 2456 1494 2531 Domini
1513 2461 1566 2533 M.
1578 2462 1847 2545 ceccuvtl.
1863 2475 1958 2551 ferie
1997 2548 1999 2556 ,

348 2563 462 2638 tertia
479 2568 559 2663 post
585 2562 876 2637 decollationem
902 2563 1031 2638 Sancti
1054 2565 1162 2638 Joun.
1183 2568 1370 2666 Baptistae
1384 2613 1433 2628 -
1449 2573 1512 2646 fol.
1533 2577 1617 2651 eod.
1634 2580 1669 2653 b.
1692 2583 1838 2662 Tabula
1851 2588 1956 2690 ligno

309 2729 320 2738 -
350 2677 481 2766 incisa,
499 2706 597 2779 quae
615 2676 728 2780 lupra
741 2677 963 2752 indicata-
981 2679 1093 2754 Char.
1112 2682 1215 2780 goth.
1233 2683 1310 2758 foll.
1330 2713 1386 2760 20.
1406 2713 1486 2762 non
1501 2689 1587 2790 fign.
1607 2693 1670 2771 lin.
1689 2697 1746 2774 38.
1765 2708 1797 2790 4.

541 2837 671 2892 Pomeri
683 2835 791 2894 Annal.
809 2837 941 2912 Typogr.
960 2839 995 2893 T.
1008 2837 1033 2902 6.
1049 2857 1079 2914 p.
1088 2839 1150 2904 565,
1170 2840 1208 2897 N.
1224 2845 1286 2915 143.

946 3121 960 3136 Ι
1036 3049 1088 3124 M.
1098 3049 1146 3124 D.
1156 3053 1260 3128 Vlll.

440 3209 558 3281 97.-
578 3183 843 3258 Commentario
864 3185 1107 3286 Eprstolorum
1132 3190 1455 3280 conficiendarum
1480 3197 1636 3276 Henn'ci
1655 3203 1955 3304 BebeliiJuttin-

348 3299 464 3401 geniis
485 3301 625 3374 Poetae
640 3300 837 3388 Laureati‚
861 3303 1053 3401 poeticam
1079 3322 1116 3379 et
1137 3308 1346 3382 oratoriam
1365 3312 1517 3410 publice
1538 3319 1753 3416 profitentis
1772 3325 1811 3399 in
1832 3333 1951 3408 studio
1997 3313 2000 3326 ’

347 3417 595 3516 Tubingenfi‚
624 3433 757 3492 contra
783 3417 1000 3518 epistolandi
1027 3421 1163 3494 modos
1191 3422 1318 3496 Pontii
1339 3439 1377 3499 e't
1400 3429 1572 3506 aliorum.
1609 3435 1752 3512 Contra
1781 3443 1951 3542 epistolas

349 3537 481 3607 Corolr'.
507 3532 793 3606 commentaria
811 3533 856 3607 de
874 3535 1049 3610 abufione
1070 3537 1219 3636 linguae
1239 3539 1376 3616 latinae
1397 3544 1498 3642 apud
1517 3549 1730 3628 Germanos
1749 3573 1787 3630 et
1803 3559 1849 3634 de
1860 3590 1953 3663 pro-

344 3650 506 3750 prietate
534 3648 714 3723 eiusdem.
741 3649 1018 3725 Vocabulariue
1039 3652 1272 3770 optimarum
1291 3655 1512 3734 dictionum.
1538 3663 1643 3740 Haec
1667 3673 1796 3748 omnia
1823 3679 1949 3756 denuo

346 3767 546 3841 emendata
568 3765 664 3841 lunt.
693 3765 972 3842 Annotationes
1000 3784 1039 3841 et
1064 3769 1155 3844 lima
1179 3771 1219 3844 in
1242 3772 1577 3854 Mammetractum
1598 3823 1649 3841 ·-
1666 3787 1947 3872 Annotationes

342 3908 465 3957 novae
486 3908 558 3981 pro
579 3883 707 3980 lingua
721 3863 846 3957 latina.
872 3884 932 3958 De
951 3884 1223 3992 magistratibus
1239 3913 1490 3968 romanorum
1504 3939 1555 3955 -·
1572 3901 1739 3979 Nomina
1759 3907 1873 3984 latina
1889 3940 1949 3986 ar-

342 3997 498 4070 tificum.
526 3998 694 4070 Nomina
712 3999 939 4071 morborum
955 3998 1128 4098 corporis
1140 4001 1296 4078 humani
1307 4007 1443 4084 latinae
1458 4029 1496 4088 et
1509 4039 1652 4112 graece.
1680 4021 1848 4099 Nomina
1855 4055 1948 4127 pro·

340 4113 426 4212 pria
440 4113 731 4188 Sanctorum·
746 4115 938 4214 Expolitio
964 4120 1202 4217 quarundam
1221 4125 1491 4222 quaestionum.
1516 4130 1593 4225 Qui
1612 4133 1680 4208 fint
1696 4139 1782 4238 pagi
1801 4142 1947 4222 Suevo.

339 4255 485 4332 rum-
508 4229 866 4339 ApologiatBebelii
880 4259 953 4330 pro
970 4238 1263 4313 commentariis.
1290 4241 1483 4340 Retractio
1504 4247 1674 4324 eiusdem
1687 4297 1730 4312 ·—
1748 4260 1945 4340 Instructio

339 4345 437 4420 bene
466 4346 725 4420 scribendi-
750 4349 957 4448 Appendix
979 4355 1354 4431 commentariorum.
1381 4360 1503 4436 Multa
1526 4364 1696 4444 invenies
1724 4372 1787 4447 hic
1818 4379 1945 4456 addita

338 4465 399 4538 vel
423 4463 577 4564 dempta
595 4465 717 4564 priori
737 4465 978 4566 imprellioni.
999 4467 1123 4544 Multa
1139 4471 1309 4570 castigata
1324 4490 1362 4548 et
1380 4495 1568 4568 correcta,
1596 4483 1646 4559 ita
1664 4505 1707 4562 ut
1724 4492 1846 4589 priori
1864 4524 1944 4571 non

335 4595 437 4654 tutto
457 4580 612 4656 credere
635 4581 747 4682 pollis
765 4583 806 4656 in
827 4582 1015 4659 omnibus.
1044 4586 1149 4661 Haec
1173 4589 1303 4665 omnia
1321 4591 1362 4665 in
1387 4593 1513 4671 fronte
1532 4598 1594 4672 fot.
1618 4604 1754 4678 eodem
1781 4611 1944 4710 Epistola
2044 4599 2070 4626 χ

337 4697 486 4771 Bebelii
497 4714 594 4773 et-
612 4699 675 4773 fol.
695 4699 728 4773 3.
744 4700 779 4774 b.
798 4700 992 4800 Saphicon
1014 4704 1184 4778 eiusdem
1211 4705 1258 4780 ad
1275 4709 1489 4810 principem
1513 4715 1716 4793 Udolrz'cum
1740 4729 1942 4803 Wurtem-

336 4813 579 4915 turgentium
593 4816 745 4892 Ducem
762 4832 888 4894 etc.-
900 4817 962 4894 sol.
980 4822 1012 4899 5.
1023 4821 1220 4898 -Modus
1231 4827 1554 4907 conficiendarum
1571 4834 1865 4934 epistolarum-
1877 4845 1940 4921 fol.

1332 4949 1542 5058 'E2
