4706 5868
374 677 442 730 122
778 625 1017 740 carnosus
1042 673 1417 738 munoomrnreus
1443 677 1582 739 nnxx.

371 849 535 1044 llinitffpll.
550 852 603 1043 ιζ.
624 851 687 1042 pin.
699 852 757 1044 337.
773 855 927 932 Thelos.
946 857 1165 958 subscripta
1182 884 1229 933 ex
1240 857 1431 958 Lugduno
1443 861 1484 933 V.
1495 857 1666 934 Januarii
1682 858 1782 934 1520.
1797 901 1847 918 -
1863 859 1974 936 Char.

387 985 435 1044 at.
469 995 492 1042 o
523 997 566 1043 .1
599 1027 607 1043 .
642 971 690 1044 in.
733 979 808 1068 7.4.

565 1107 648 1185 Opus
663 1107 824 1167 hueusdunr
841 1128 900 1168 uon
918 1114 1093 1170 reesnfitum.
1188 1149 1191 1154 -

467 1316 665 1392 sto-110
664 1316 865 1418 schismate
877 1325 1131 1421 extraguendo,
1150 1273 1187 1398 et
1203 1347 1295 1400 vera
1306 1323 1542 1399 eccleliallica
1564 1309 1760 1398 Libertate
1779 1322 1980 1403 adserenda

375 1434 529 1534 epistola
543 1436 692 1534 aliquot
705 1438 848 1512 mirum
866 1439 904 1512 in
926 1438 1086 1514 modum
1101 1439 1253 1526 liberae,
1264 1455 1301 1514 et
1316 1441 1486 1516 veritatis
1505 1441 1623 1516 studio
1639 1443 1979 1518 strenuae-Vide
2054 1445 2057 1454 ’

369 1553 492 1626 lector
510 1569 548 1627 et
559 1553 1011 1629 aedficieris.-Huttenus
1028 1557 1068 1630 in
1077 1558 1201 1632 lucem
1212 1556 1429 1632 edit-fol.
1446 1555 1985 1657 eod.b.EpistolaHulderich1'

375 1669 422 1743 de
439 1669 574 1742 Hutten
591 1670 636 1744 ad
661 1671 801 1758 liberos
823 1673 863 1745 in
889 1673 1082 1771 germania
1109 1699 1253 1748 omnes.
1277 1672 1496 1773 Subscripta
1517 1673 1622 1747 sexto
1649 1673 1838 1748 Kalendas
1871 1675 1980 1766 Junii

377 1789 493 1860 Anno
510 1787 716 1861 M.D.XX.
739 1789 826 1864 vive
849 1789 1003 1864 libertas
1016 1791 1115 1889 jacta
1130 1795 1178 1864 est
1197 1790 1417 1866 alea-fol.
1440 1792 1498 1864 28.
1525 1791 1561 1865 b.
1589 1789 1652 1864 lin.
1687 1818 1742 1887 17·
1770 1789 1855 1865 finit
1876 1794 1981 1868 verb.

244 1971 253 2003 ‚
376 1903 468 1980 deus
487 1931 587 1980 unus
605 1905 742 1980 Amen.
764 1904 876 1980 Char.
896 1906 957 1980 lat.
977 1905 1053 1981 loll.
1072 1909 1131 1982 28.
1148 1932 1228 1981 non
1244 1908 1330 2006 fign.
1346 1906 1409 1981 lin.
1428 1933 1486 2007 ²9·
1507 1912 1542 1997 4.

567 2044 713 2101 Hactenus
733 2042 790 2100 hoe
808 2045 977 2120 opuseulum
1001 2047 1077 2102 inter
1101 2046 1207 2122 scripta
1231 2045 1384 2104 francisci
1415 2045 1450 2102 de
1475 2045 1628 2122 Sirlingen
1648 2047 1802 2104 inventum
1827 2045 1927 2104 edidit.
1952 2065 1982 2104 v.

664 2137 781 2194 Meliori
796 2137 931 2194 Lexieon
948 2137 1066 2196 Erudit.
1084 2140 1120 2194 T.
1139 2155 1166 2194 a.
1183 2159 1212 2214 p.
1234 2133 1313 2214 1769.

1048 2349 1102 2423 M.
1127 2347 1176 2422 D.
1203 2349 1313 2425 XXI.

478 2506 621 2581 381.-
638 2503 787 2605 Messala
799 2507 966 2608 speciale
985 2507 1139 2584 noviter
1161 2506 1381 2608 impressum
1406 2506 1555 2583 summo
1581 2507 1700 2582 studio
1728 2532 1770 2582 ae
1794 2506 1988 2606 diligentia

381 2625 626 2701 emendatum
644 2641 689 2700 et
700 2624 916 2724 castigatum
927 2624 1062 2702 additis
1074 2627 1268 2701 nonnullis
1285 2625 1598 2726 millisnovarum
1611 2624 1869 2711 festivitatum,
1889 2651 1987 2726 quae

376 2742 484 2841 prius
501 2740 659 2816 insertae
675 2769 755 2816 non
775 2742 935 2819 fuerant.
963 2745 1006 2816 ln
1026 2743 1167 2843 inclyta
1185 2740 1336 2840 Basilea
1359 2744 1470 2818 M.D.
1482 2744 1592 2818 XXI.
1604 2785 1656 2820 -.
1668 2744 1772 2817 Haec
1800 2742 1839 2815 in
1858 2741 1985 2815 fronte

380 2859 452 2932 litt.
472 2858 746 2956 rubro-nigris,
762 2857 933 2958 sequitur
948 2861 1179 2957 Regiltrum‚
1199 2860 1289 2934 dein
1307 2861 1597 2936 informationes
1616 2876 1656 2935 et
1674 2861 1900 2936 cautelae·
1915 2858 1986 2931 Ca-

379 2971 651 3047 lendarium-
665 2973 729 3046 fol.
750 2973 827 3070 173.
849 2975 883 3049 b.
902 2975 965 3048 lin.
989 3001 1041 3069 17.
1064 2975 1206 3049 Millale
1224 2975 1383 3074 speciale
1407 2977 1534 3050 denuo
1553 2993 1770 3052 correctum
1795 2993 1835 3052 et
1858 2999 1986 3051 emen·
2073 3047 2077 3056 ,
2132 2978 2135 2986 “

380 3089 534 3163 datum:
551 3088 745 3186 impende,
765 3104 847 3163 arte
866 3105 905 3165 et
923 3089 1101 3168 industria
1118 3090 1272 3188 providi
1288 3090 1362 3164 viri
1386 3091 1547 3166 Thomae
1576 3091 1685 3188 Wolf
1691 3093 1783 3167 aivis
1804 3091 1987 3166 Baiileen-

378 3205 424 3280 lis
450 3205 686 3282 elaboratum
704 3207 818 3281 Anno
837 3207 883 3281 ab
905 3205 1165 3280 incarnatione
1184 3206 1344 3280 Domini
1368 3206 1421 3280 M.
1433 3206 1601 3281 DXXI.
1620 3209 1753 3282 menfis
1771 3235 1864 3284 vero
1885 3210 1988 3282 Mar·

381 3324 427 3400 tii
449 3323 510 3399 die
528 3323 674 3399 decima
690 3339 826 3424 quarta
845 3324 929 3398 finit
948 3323 1119 3400 feliciter.
1146 3323 1248 3398 Laus
1263 3323 1361 3398 Deo.
1389 3322 1501 3398 Char.
1517 3319 1580 3400 lat.
1601 3325 1686 3422 maj.
1705 3323 1783 3398 foll.
1801 3324 1886 3422 fign.
1908 3324 1986 3418 173.

388 3442 428 3516 in
443 3457 526 3516 toto
551 3441 630 3515 185.
650 3441 712 3515 lin.
732 3441 789 3514 32.
816 3442 840 3514 f.
1563 3453 1568 3462 '

576 3579 679 3636 Editio
697 3579 839 3636 rariss'una
855 3579 1013 3652 annalystis
1028 3580 1128 3656 paffim
1146 3582 1306 3657 incognita.

479 3793 563 3868 382.
574 3831 624 3850 -
639 3789 893 3864 Revelatzanes
911 3791 1071 3866 Sanctae
1086 3791 1320 3889 Bnssqa'ttae-
1338 3791 1443 3864 Haec
1467 3791 1506 3863 in
1524 3790 1653 3866 fronte
1673 3815 1762 3864 eum
1780 3788 1889 3862 icone
1904 3813 1988 3888 my-

384 3912 472 3986 stica
493 3911 534 3986 8.
553 3911 735 4006 Bngu'ttae
750 3907 1179 4008 representante-‘fol
1196 3907 1278 3997 314.
1302 3907 1366 3980 lin.
1386 3909 1444 3981 35.
1467 3907 1502 3981 h.
1515 3907 1599 3982 finit
1612 3907 1785 3982 divinum
1800 3907 1985 3981 volumen

388 4029 519 4102 omnia
535 4026 724 4104 celellium
745 4024 1024 4100 revelationum
1039 4067 1091 4084 -
1105 4022 1257 4123 insuper
1283 4025 1358 4098 iam
1377 4025 1535 4099 alterato
1557 4051 1628 4125 per
1645 4023 1843 4098 Antonium
1859 4022 1992 4096 Kobar-

385 4170 457 4243 θεν
471 4147 589 4218 Caram
606 4142 941 4240 Nurembergensem
962 4140 1134 4241 imprelle
1153 4140 1290 4214 finiunt
1306 4143 1421 4215 Anno
1438 4141 1597 4214 Domini
1620 4143 1722 4215 1521.
1740 4139 1874 4215 menfis
1898 4139 1991 4237 Sep·

389 4263 609 4336 tembris-
628 4261 730 4334 Laus
746 4258 1001 4359 omnipotenti
1022 4258 1108 4332 Deo
1135 4259 1271 4332 Amen.
1293 4259 1404 4331 Char.
1428 4257 1530 4355 goth.
1551 4259 1692 4354 figurae
1712 4257 1924 4355 permultae
1948 4254 1991 4327 li-

396 4406 471 4480 gno
495 4376 618 4451 incilo.
634 4377 732 4474 gloil.
753 4403 869 4475 marg.
888 4376 964 4450 foll.
985 4376 1066 4465 314.
1085 4400 1164 4448 non
1176 4374 1261 4474 figo.
1274 4375 1336 4448 lin.
1348 4377 1404 4472 57.
1423 4374 1445 4447 f.
1464 4373 1991 4456 Ea·callecttbneHerbzaiana.

580 4516 708 4571 Panaeti
721 4515 827 4572 Annal.
844 4517 976 4591 Typogr.
994 4515 1029 4572 T.
1045 4535 1072 4589 7.
1092 4532 1120 4590 p.
1131 4511 1185 4586 462
1203 4513 1240 4568 N.
1261 4513 1321 4570 160.
1342 4511 1501 4588 Catalogne
1518 4509 1552 4566 de
1568 4511 1708 4586 Gat'gnot.
1727 4513 1762 4566 Τ.
1776 4531 1799 4567 1.
1823 4511 1860 4566 N.
1878 4509 1942 4584 576.

487 4685 568 4759 383.
579 4725 628 4746 ·-·
647 4685 705 4756 De
722 4682 911 4781 nuparsub
929 4684 975 4755 D.
998 4683 1129 4756 Carolo
1146 4683 1291 4780 repertis
1309 4680 1460 4775 Insulas,
1485 4679 1667 4779 fimulque
1681 4645 1891 4754 incolarum
1910 4701 1991 4748 mo-

391 4807 516 4894 ribus,
536 4805 580 4878 n.
599 4803 694 4878 Petra
712 4799 901 4898 Maurus,
918 4799 1186 4888 Enchiridion‚
1204 4797 1394 4872 Dominae
1409 4795 1655 4894 Margaritae,
1676 4795 1769 4872 Divi
1779 4795 1878 4870 Max.
1890 4790 1987 4866 Cael
1985 4851 1991 4864 .
