4706 5868
371 647 419 722 90
771 647 1011 706 CATALOGUS
1038 645 1413 706 ulnuooftarfflcus
1438 647 1574 706 MDXV.

375 817 540 918 pre-llum
558 819 596 892 io
619 821 849 921 Oppealieym
873 848 945 921 per
967 821 1140 899 Iacobum
1163 825 1289 898 Kabal.
1316 827 1431 898 Anno
1453 826 1615 924 virginei
1634 841 1764 924 partus
1780 829 1978 902 Millesimo

378 935 677 1036 quingentesimo
697 938 846 1014 decimo
865 938 1011 1040 quinto.
1040 941 1152 1014 Gliar.
1171 943 1231 1015 lat.
1247 941 1324 1015 soll.
1349 945 1403 1015 15.
1416 969 1496 1016 non
1514 943 1600 1040 sign.
1619 944 1679 1016 lin.
1696 944 1729 1018 3.
1751 947 1783 1017 5.
1810 947 1846 1019 8.

455 1079 463 1088 ’
567 1076 697 1132 Panaeti
714 1077 819 1132 Aunal.
839 1079 971 1152 Typogr.
986 1078 1021 1134 Τ.
1032 1099 1058 1150 7.
1078 1090 1180 1154 r·49⁰·
1201 1079 1241 1134 N.
1253 1081 1296 1134 15.
1315 1079 1401 1136 aliter
1421 1080 1575 1136 exhibita..

472 1244 554 1316 262.
568 1269 602 1316 a.
615 1285 660 1300 -
685 1245 828 1317 Ottonis
856 1243 1123 1343 Phrasriigeasis
1145 1247 1340 1344 Episcopi,
1363 1247 1437 1320 viri
1462 1247 1670 1333 clarissimi,
1691 1276 1821 1324 rerum
1839 1252 1886 1324 ab
1904 1252 1980 1326 ori-

376 1359 462 1458 gine
482 1360 614 1433 mundi
632 1358 679 1434 ab
696 1361 808 1460 ipsius
825 1362 943 1462 usque
961 1361 1137 1461 tempora
1155 1368 1356 1460 gestarum,
1375 1362 1462 1436 libri
1480 1381 1635 1439 octo—
1653 1366 1835 1439 Eiusdem
1850 1368 1896 1441 de
1918 1394 1982 1466 ge-

373 1476 432 1550 stis
452 1478 629 1549 Frrfferici
644 1477 760 1576 primi
792 1479 1005 1552 Aenobarbi
1025 1478 1124 1552 Caes.
1145 1481 1241 1578 Aug.
1269 1480 1353 1553 libri
1380 1480 1466 1554 duo
1481 1521 1525 1536 ·-
1544 1482 1722 1555 Radevici
1735 1483 1979 1582 Phrislngens.

378 1593 553 1668 ecclesiae
571 1587 752 1666 Canonici
771 1595 858 1667 libri
874 1595 968 1681 duo,
990 1595 1184 1694 prioribus
1204 1595 1340 1680 additi,
1359 1596 1404 1670 de
1422 1597 1594 1672 eiusdem
1613 1601 1789 1672 Friderici
1803 1583 1898 1699 lmp.
1919 1603 1981 1700 ge'-

374 1709 503 1782 uis.-
518 1711 623 1785 Haec
643 1709 777 1784 litteris
794 1711 919 1785 rubris
931 1737 1020 1785 cum
1034 1711 1152 1800 limbo
1170 1712 1271 1812 ligno
1290 1712 1415 1792 inciso.
1444 1717 1547 1788 lnsra
1558 1717 1696 1813 legitur
1708 1746 1715 1787 ε
1729 1720 1866 1816 imper.
1879 1717 1979 1794 Cael.

372 1825 639 1899 Maximaltaaa
655 1828 696 1900 P.
709 1829 748 1900 F.
768 1829 864 1926 Aug.
877 1827 980 1902 Patri
991 1827 1149 1904 Patriae.
1163 1830 1445 1934 Libertatisque
1464 1832 1646 1926 adsertori
1658 1834 1754 1906 beat.
1766 1834 1971 1906 Rhenanus

377 1943 418 2016 F.
432 1945 473 2017 C.
483 1990 528 2005 -
540 1947 644 2018 Haec
656 1944 965 2020 omniainsronte
977 1946 1040 2020 sol.
1052 1975 1083 2018 2.
1094 1937 1172 2020 non
1181 1947 1268 2043 fign.
1280 1937 1604 2047 CopiaPrivilegii
1617 1995 1658 2006 -
1669 1949 1733 2021 sol.
1743 1949 1826 2022 eod.
1845 1949 1878 2021 b.
1890 1949 1979 2046 Epi-

374 2060 464 2134 stola
480 2061 530 2134 lo.
553 2061 766 2161 Crasstrizzaai
778 2061 826 2135 ad
841 2061 919 2135 Jac.
939 2062 985 2136 de
1006 2062 1228 2158 Baarfiiis-
1245 2063 1268 2133 s.
1287 2063 1319 2134 3.
1332 2062 1564 2138 bnonnulla
1578 2063 1873 2163 Epigramata-
1894 2065 1982 2137 dein

384 2177 449 2252 sol.
469 2184 502 2268 4.
519 2177 677 2252 bindex
695 2196 781 2253 octo
804 2179 991 2252 librorum
1003 2179 1264 2253 annalium-
1281 2179 1343 2252 sol.
1367 2180 1462 2252 11.b.
1474 2181 1551 2256 vita
1566 2180 1991 2278 Ottoaissrislngenlis-

378 2294 441 2368 sol.
457 2295 582 2395 1.stgn.
591 2296 862 2395 proemium-
870 2295 933 2368 sol.
948 2321 1025 2390 107.
1035 2295 1113 2368 n'on
1123 2295 1208 2396 sign.
1218 2296 1280 2368 lin.
1291 2297 1324 2369 8.
1337 2296 1489 2370 Primae
1500 2298 1618 2398 partis
1629 2297 1989 2371 Chronicanttonis

381 2412 537 2487 finis.-
549 2411 655 2486 Dein
673 2412 878 2512 incipiunt:
903 2415 1045 2486 Ottoais
1063 2411 1291 2512 Phrrsrirgea.
1311 2411 1498 2512 Episcopi.
1518 2415 1578 2486 De
1594 2415 1699 2512 gellis
1720 2416 1895 2518 Frzileracr'
1909 2412 1985 2511 pri-

380 2531 432 2604 mi
450 2529 772 2604 AenobarbiCaes.
793 2529 968 2630 Augulli,
989 2529 1076 2604 libri
1088 2529 1174 2604 du0.
1189 2574 1229 2586 -
1248 2530 1358 2602 item:
1376 2521 1794 2628 Badeaicinrismgen.
1811 2530 1986 2606 ecclesiae

270 2653 274 2662 '
382 2646 566 2722 Canonici
583 2646 670 2720 libri
693 2646 788 2732 duo,
813 2647 1006 2747 prioribus
1019 2646 1155 2734 additi,
1172 2645 1218 2720 de
1231 2645 1401 2720 eiusdem
1418 2649 1595 2720 Frailarici
1611 2647 1856 2748 imperatoris
1868 2647 1984 2746 gestis.

326 2779 328 2786 ’
379 2765 484 2838 Haec
507 2761 703 2863 splendido
722 2763 839 2838 limbo
860 2781 993 2839 ornata
1012 2764 1052 2838 in
1071 2766 1197 2838 fronte
1219 2763 1396 2862 leguntur
1415 2765 1479 2837 fol.
1499 2765 1581 2838 eod.
1602 2753 1844 2863 b.?Epist01ae
1863 2769 1986 2864 lmpe-

380 2879 519 2954 ratoris
536 2880 713 2953 Friderici
723 2880 770 2954 ad
799 2882 960 2954 Ortonam
987 2880 1310 2978 frisingensem—
1334 2880 1398 2953 sol.
1418 2907 1451 2954 2.
1469 2907 1549 2954 non
1573 2879 1659 2978 stgn.
1678 2881 1703 2953 b
1741 2880 1858 2954 ludex
1875 2880 1986 2983 Capi-

381 3013 466 3070 tum
485 3012 650 3096 quatuor
665 2995 911 3071 librorum—
927 2999 990 3071 sol.
1006 3026 1037 3094 7.
1056 2997 1254 3096 Prologus.
1265 3039 1314 3054 -·-
1330 2995 1393 3069 sol.
1415 3023 1444 3070 1.
1458 2995 1570 3070 litter.
1590 3023 1686 3070 rom.
1705 2996 1790 3096 figo.
1804 2994 1899 3070 liber
1907 2997 1988 3095 pri-

381 3139 525 3188 mus-
542 3113 605 3186 fot.
626 3115 685 3202 84.
705 3112 773 3187 lin.¹
790 3115 842 3188 13.
854 3115 949 3188 finis.
978 3114 1229 3213 Argentorati,
1242 3140 1288 3188 ex
1299 3110 1454 3187 aedibus
1471 3111 1653 3185 Matthiae
1665 3113 1867 3196 Schuren'i,
1879 3114 1988 3188 Men·
2109 3203 2113 3211 Ι

381 3231 417 3324 se
425 3230 569 3306 Martio
596 3231 667 3304 An.
681 3231 732 3305 M.
744 3231 792 3307 D'.
802 3231 888 3307 XV.
914 3233 1045 3306 Ductu
1058 3221 1246 3306 Leouardi
1258 3248 1295 3305 et
1303 3219 1426 3306 lucae
1437 3221 1792 3324 Atlanſsee'sratrum.
1811 3231 1986 3326 Regnan-

381 3365 420 3424 te
440 3347 673 3446 imperatore
696 3349 797 3424 Caes.
818 3347 1080 3422 Maariat'laaao
1097 3349 1137 3421 P.
1160 3351 1197 3422 F.
1218 3341 1316 3447 Aug.
1341 3347 1382 3420 P.
1402 3345 1442 3418 P.
1472 3370 1560 3436 cum
1583 3343 1713 3440 inslgni
1741 3344 1875 3441 majori
1894 3344 1987 3416 Lea-
2021 3399 2029 3418 .

383 3468 497 3538 nardi
512 3480 550 3540 et
562 3466 686 3546 Lucae
704 3466 887 3563 Allaasea.
916 3465 1027 3540 Char.
1052 3466 1112 3540 lat.
1131 3465 1208 3538 foll.
1229 3464 1371 3565 partim
1390 3462 1478 3561 fign.
1498 3459 1640 3562 partim
1654 3486 1733 3534 non
1749 3460 1890 3560 figurula
1914 3486 1987 3557 209

386 3583 448 3659 liri
468 3583 525 3673 46.
545 3581 644 3684 gloss.
666 3609 781 3680 marg.
801 3599 839 3656 et
858 3583 925 3657 litt.
948 3583 1076 3656 initial.
1099 3582 1200 3680 ligno
1217 3579 1373 3662 incisos.

576 3723 705 3781 Panaeti
719 3719 823 3798 Annal.
843 3723 974 3798 Typogr.
993 3723 1028 3778 T.
1044 3738 1085 3796 ¹9·
1115 3739 1144 3794 p.
1155 3718 1219 3796 566.
1239 3719 1276 3773 Ν.
1287 3717 1351 3792 395.
1369 3715 1473 3774 Editio
1493 3717 1588 3791 prima
1605 3675 1746 3802 rarissima
1763 3715 1870 3791 ipsique
1894 3714 1988 3770 Mait-

673 3817 749 3870 tairo
768 3814 879 3887 ignota.
900 3833 930 3870 v.
949 3811 1061 3876 Baueri
1078 3809 1262 3908 bibliotheca
1280 3807 1346 3865 libr.
1362 3809 1467 3898 rarior.
1486 3803 1523 3870 T.
1533 3809 1560 3866 3.
1580 3809 1685 3908 pass.

1057 3981 1112 4055 Μ.-
1134 3982 1183 4056 D.
1210 3980 1317 4054 XVI.
1414 3981 1417 3988 ’

482 4100 565 4174 263.
578 4141 624 4160 ·-
641 4103 685 4179 ln
700 4099 775 4174 hoc
793 4098 989 4174 volumine
1007 4098 1268 4172 continentur:
1287 4095 1428 4168 Neistae
1442 4109 1480 4169 et
1505 4091 1672 4194 stasmi,
1697 4110 1810 4192 atque
1828 4091 1992 4164 Adriani

388 4215 588 4289 Caesarum
616 4217 715 4292 vitae
742 4243 789 4292 ex
817 4217 958 4302 Diana,
983 4215 1136 4314 Georgia
1157 4214 1300 4288 llserula'
1323 4212 1544 4310 interprete.
1570 4210 1631 4283 Ab
1657 4209 1797 4284 Ioanne
1819 4208 1983 4308 Baptista

387 4333 553 4430 Egnatio
571 4335 713 4407 Veneto
733 4330 1007 4433 diligentissime
1026 4331 1197 4430 castigati.
1216 4369 1262 4386 -
1280 4327 1412 4402 Aelrits
1430 4330 1652 4429 Spartianus,
1669 4369 1719 4392 ·-.
1740 4327 1861 4400 Julius
1881 4326 1987 4424 Capi-

387 4450 593 4522 1016222.-
615 4448 913 4548 Lampntttus.-
927 4451 1075 4522 Flaatirs
1098 4447 1269 4546 Vopiscus.
1287 4488 1337 4502 -
1370 4445 1567 4518 Trebellius
1591 4443 1783 4517 Pollio-
1807 4443 1990 4516 Vulcatius

390 4566 618 4648 Gallicanus,
631 4605 675 4624 -
696 4567 939 4668 Helrbgabali
963 4565 1146 4668 principis
1175 4564 1221 4637 ad
1246 4561 1466 4636 meretrices
1500 4559 1768 4658 elegantissima
1782 4559 1925 4634 oratio.
1941 4597 1989 4614 —

391 4685 452 4758 Dc
470 4681 639 4756 eiusdem
659 4681 710 4754 Io.
735 4681 920 4780 Baptistae
941 4685 1099 4780 Egnatii
1123 4679 1342 4754 Caesaribus
1362 4677 1448 4751 libri
1472 4693 1549 4750 tres
1569 4705 1591 4750 a
1609 4676 1808 4751 Dictatore
1834 4674 1988 4747 Caesare

392 4801 441 4878 ad
458 4795 723 4901 Coastaattaum
740 4797 1019 4900 Palaeologum‚
1044 4799 1133 4874 binc
1160 4795 1329 4874 a'Caralo
1349 4793 1488 4892 Magoa
1508 4793 1554 4870 ad
1575 4793 1874 4870 Maat'miltaaam
1900 4791 1988 4864 Cae·
