<?xml version="1.0" encoding="UTF-8"?>
<!DOCTYPE html PUBLIC "-//W3C//DTD XHTML 1.0 Transitional//EN"
    "http://www.w3.org/TR/xhtml1/DTD/xhtml1-transitional.dtd">
<html xmlns="http://www.w3.org/1999/xhtml" xml:lang="en" lang="en">
 <head>
  <title>
</title>
<meta http-equiv="Content-Type" content="text/html;charset=utf-8" />
  <meta name='ocr-system' content='tesseract 3.04.00' />
  <meta name='ocr-capabilities' content='ocr_page ocr_carea ocr_par ocr_line ocrx_word'/>
</head>
<body>
  <div class='ocr_page' id='page_1' title='image "./catalogusbiblio09biblgoog_0276.png"; bbox 0 0 4636 5878; ppageno 0'>
   <div class='ocr_carea' id='block_1_1' title="bbox 676 645 1552 753">
    <p class='ocr_par' dir='ltr' id='par_1_1' title="bbox 676 645 1552 753">
     <span class='ocr_line' id='line_1_1' title="bbox 676 645 1552 753; baseline -0.003 -41"><span class='ocrx_word' id='word_1_1' title='bbox 676 649 916 712; x_wconf 76' lang='lat' dir='ltr'>cartmotts</span> <span class='ocrx_word' id='word_1_2' title='bbox 942 645 1316 753; x_wconf 73' lang='lat' dir='ltr'>amttoepartnctts</span> <span class='ocrx_word' id='word_1_3' title='bbox 1342 647 1552 708; x_wconf 80' lang='lat' dir='ltr'>tentxvttt.</span> 
     </span>
    </p>
   </div>
   <div class='ocr_carea' id='block_1_2' title="bbox 448 826 1582 1046">
    <p class='ocr_par' dir='ltr' id='par_1_2' title="bbox 448 826 1582 1046">
     <span class='ocr_line' id='line_1_2' title="bbox 527 826 1582 929; baseline -0.004 -25"><span class='ocrx_word' id='word_1_4' title='bbox 527 857 577 904; x_wconf 89' lang='lat' dir='ltr'>ne</span> <span class='ocrx_word' id='word_1_5' title='bbox 600 830 736 904; x_wconf 92' lang='lat' dir='ltr'>cuculo</span> <span class='ocrx_word' id='word_1_6' title='bbox 752 827 954 929; x_wconf 64' lang='lat' dir='ltr'>occulique</span> <span class='ocrx_word' id='word_1_7' title='bbox 972 827 1075 926; x_wconf 81' lang='lat' dir='ltr'>gregi</span> <span class='ocrx_word' id='word_1_8' title='bbox 1091 853 1248 928; x_wconf 86' lang='lat' dir='ltr'>quoque</span> <span class='ocrx_word' id='word_1_9' title='bbox 1265 826 1428 912; x_wconf 88' lang='lat' dir='ltr'>credite,</span> <span class='ocrx_word' id='word_1_10' title='bbox 1446 851 1582 902; x_wconf 86' lang='lat' dir='ltr'>verum</span> 
     </span>
     <span class='ocr_line' id='line_1_3' title="bbox 448 943 1557 1046; baseline -0.003 -26"><span class='ocrx_word' id='word_1_11' title='bbox 448 1004 451 1012; x_wconf 62' lang='grc'><strong>.</strong></span> <span class='ocrx_word' id='word_1_12' title='bbox 528 946 718 1046; x_wconf 83' lang='lat' dir='ltr'><strong>quaerite,</strong></span> <span class='ocrx_word' id='word_1_13' title='bbox 738 944 973 1046; x_wconf 80' lang='lat' dir='ltr'>simpliciter,</span> <span class='ocrx_word' id='word_1_14' title='bbox 993 943 1097 1045; x_wconf 89' lang='lat' dir='ltr'>quod</span> <span class='ocrx_word' id='word_1_15' title='bbox 1117 969 1188 1019; x_wconf 83' lang='lat' dir='ltr'>vos</span> <span class='ocrx_word' id='word_1_16' title='bbox 1206 943 1380 1018; x_wconf 88' lang='lat' dir='ltr'>doctrina</span> <span class='ocrx_word' id='word_1_17' title='bbox 1395 943 1557 1018; x_wconf 83' lang='lat' dir='ltr'><strong>docebit.</strong></span> 
     </span>
    </p>
   </div>
   <div class='ocr_carea' id='block_1_3' title="bbox 162 1057 1710 1186">
    <p class='ocr_par' dir='ltr' id='par_1_3' title="bbox 162 1057 1710 1186">
     <span class='ocr_line' id='line_1_4' title="bbox 162 1057 1710 1186; baseline -0.006 -47"><span class='ocrx_word' id='word_1_18' title='bbox 162 1057 165 1064; x_wconf 63' lang='grc'><em>’</em></span> <span class='ocrx_word' id='word_1_19' title='bbox 283 1175 287 1186; x_wconf 29' lang='grc' dir='ltr'>Ι</span> <span class='ocrx_word' id='word_1_20' title='bbox 337 1065 448 1140; x_wconf 87' lang='lat' dir='ltr'>Char.</span> <span class='ocrx_word' id='word_1_21' title='bbox 466 1064 693 1166; x_wconf 90' lang='lat' dir='ltr'>plerumque</span> <span class='ocrx_word' id='word_1_22' title='bbox 710 1061 862 1161; x_wconf 78' lang='lat' dir='ltr'>grandia</span> <span class='ocrx_word' id='word_1_23' title='bbox 888 1061 966 1136; x_wconf 87' lang='lat' dir='ltr'>soll.</span> <span class='ocrx_word' id='word_1_24' title='bbox 990 1089 1044 1157; x_wconf 78' lang='lat'>¹7·</span> <span class='ocrx_word' id='word_1_25' title='bbox 1066 1085 1148 1134; x_wconf 90' lang='lat' dir='ltr'>non</span> <span class='ocrx_word' id='word_1_26' title='bbox 1167 1059 1252 1160; x_wconf 88' lang='lat' dir='ltr'>sign.</span> <span class='ocrx_word' id='word_1_27' title='bbox 1273 1058 1336 1134; x_wconf 89' lang='lat' dir='ltr'>lin.</span> <span class='ocrx_word' id='word_1_28' title='bbox 1354 1063 1414 1134; x_wconf 87' lang='lat'>25.</span> <span class='ocrx_word' id='word_1_29' title='bbox 1442 1060 1507 1135; x_wconf 92' lang='lat' dir='ltr'>sol.</span> <span class='ocrx_word' id='word_1_30' title='bbox 1529 1057 1655 1136; x_wconf 89' lang='lat' dir='ltr'>ultimi</span> <span class='ocrx_word' id='word_1_31' title='bbox 1675 1067 1710 1148; x_wconf 77' lang='lat'>4.</span> 
     </span>
    </p>
   </div>
   <div class='ocr_carea' id='block_1_4' title="bbox 528 1197 1505 1277">
    <p class='ocr_par' dir='ltr' id='par_1_4' title="bbox 528 1197 1505 1277">
     <span class='ocr_line' id='line_1_5' title="bbox 528 1197 1505 1277; baseline -0.002 -20"><span class='ocrx_word' id='word_1_32' title='bbox 528 1199 633 1277; x_wconf 78' lang='lat' dir='ltr'>Quoad</span> <span class='ocrx_word' id='word_1_33' title='bbox 648 1203 776 1258; x_wconf 83' lang='lat' dir='ltr'>Paulam</span> <span class='ocrx_word' id='word_1_34' title='bbox 785 1199 955 1258; x_wconf 74' lang='lat' dir='ltr'><em>Fabricium</em></span> <span class='ocrx_word' id='word_1_35' title='bbox 972 1198 1079 1256; x_wconf 71' lang='lat' dir='ltr'>censer.</span> <span class='ocrx_word' id='word_1_36' title='bbox 1094 1197 1175 1254; x_wconf 86' lang='lat' dir='ltr'>Nota</span> <span class='ocrx_word' id='word_1_37' title='bbox 1188 1198 1368 1275; x_wconf 75' lang='lat' dir='ltr'>praecedent.</span> <span class='ocrx_word' id='word_1_38' title='bbox 1388 1199 1426 1255; x_wconf 84' lang='lat' dir='ltr'>N.</span> <span class='ocrx_word' id='word_1_39' title='bbox 1442 1215 1505 1270; x_wconf 82' lang='lat'>507·</span> 
     </span>
    </p>
   </div>
   <div class='ocr_carea' id='block_1_5' title="bbox 431 1352 1931 1593">
    <p class='ocr_par' dir='ltr' id='par_1_5' title="bbox 431 1352 1931 1593">
     <span class='ocr_line' id='line_1_6' title="bbox 1000 1352 1298 1428; baseline -0.003 -2"><span class='ocrx_word' id='word_1_40' title='bbox 1000 1353 1052 1428; x_wconf 88' lang='grc' dir='ltr'>Μ.</span> <span class='ocrx_word' id='word_1_41' title='bbox 1077 1352 1127 1426; x_wconf 89' lang='lat' dir='ltr'>D.</span> <span class='ocrx_word' id='word_1_42' title='bbox 1152 1352 1298 1425; x_wconf 87' lang='lat' dir='ltr'><strong>LXIX.</strong></span> 
     </span>
     <span class='ocr_line' id='line_1_7' title="bbox 431 1488 1931 1593; baseline 0 -27"><span class='ocrx_word' id='word_1_43' title='bbox 431 1490 514 1567; x_wconf 82' lang='lat'><strong>686.</strong></span> <span class='ocrx_word' id='word_1_44' title='bbox 540 1533 591 1552; x_wconf 91' lang='lat'>-</span> <span class='ocrx_word' id='word_1_45' title='bbox 616 1497 744 1580; x_wconf 86' lang='lat' dir='ltr'>Anao,</span> <span class='ocrx_word' id='word_1_46' title='bbox 763 1517 841 1593; x_wconf 89' lang='lat' dir='ltr'>quo</span> <span class='ocrx_word' id='word_1_47' title='bbox 857 1490 1107 1566; x_wconf 74' lang='lat' dir='ltr'>Ilerdriraadus</span> <span class='ocrx_word' id='word_1_48' title='bbox 1121 1491 1245 1562; x_wconf 79' lang='lat' dir='ltr'>tertries</span> <span class='ocrx_word' id='word_1_49' title='bbox 1260 1488 1383 1564; x_wconf 87' lang='lat' dir='ltr'>caesar</span> <span class='ocrx_word' id='word_1_50' title='bbox 1400 1488 1601 1566; x_wconf 82' lang='lat' dir='ltr'>austriacas</span> <span class='ocrx_word' id='word_1_51' title='bbox 1629 1491 1716 1590; x_wconf 83' lang='lat' dir='ltr'>piua</span> <span class='ocrx_word' id='word_1_52' title='bbox 1739 1493 1856 1591; x_wconf 69' lang='lat' dir='ltr'>justus</span> <span class='ocrx_word' id='word_1_53' title='bbox 1880 1491 1931 1566; x_wconf 82' lang='lat' dir='ltr'>sa·</span> 
     </span>
    </p>
   </div>
   <div class='ocr_carea' id='block_1_6' title="bbox 218 1604 1937 1711">
    <p class='ocr_par' dir='ltr' id='par_1_6' title="bbox 218 1604 1937 1711">
     <span class='ocr_line' id='line_1_8' title="bbox 218 1604 1937 1711; baseline 0.001 -29"><span class='ocrx_word' id='word_1_54' title='bbox 218 1609 226 1626; x_wconf 82' lang='grc'>’</span> <span class='ocrx_word' id='word_1_55' title='bbox 334 1609 446 1709; x_wconf 82' lang='lat' dir='ltr'>piena</span> <span class='ocrx_word' id='word_1_56' title='bbox 467 1610 530 1710; x_wconf 94' lang='lat' dir='ltr'>pie</span> <span class='ocrx_word' id='word_1_57' title='bbox 543 1611 634 1708; x_wconf 83' lang='lat' dir='ltr'>juste</span> <span class='ocrx_word' id='word_1_58' title='bbox 655 1609 845 1711; x_wconf 86' lang='lat' dir='ltr'>sapienter</span> <span class='ocrx_word' id='word_1_59' title='bbox 855 1607 985 1693; x_wconf 83' lang='lat' dir='ltr'>sanxit,</span> <span class='ocrx_word' id='word_1_60' title='bbox 1002 1623 1046 1681; x_wconf 91' lang='lat' dir='ltr'>ut</span> <span class='ocrx_word' id='word_1_61' title='bbox 1062 1605 1286 1681; x_wconf 81' lang='lat' dir='ltr'>univerfitae</span> <span class='ocrx_word' id='word_1_62' title='bbox 1305 1604 1444 1704; x_wconf 87' lang='lat' dir='ltr'>virgini</span> <span class='ocrx_word' id='word_1_63' title='bbox 1461 1605 1536 1680; x_wconf 87' lang='lat' dir='ltr'>line</span> <span class='ocrx_word' id='word_1_64' title='bbox 1554 1607 1638 1682; x_wconf 88' lang='lat' dir='ltr'>labe</span> <span class='ocrx_word' id='word_1_65' title='bbox 1653 1605 1828 1709; x_wconf 78' lang='lat' dir='ltr'>originali</span> <span class='ocrx_word' id='word_1_66' title='bbox 1845 1634 1937 1684; x_wconf 89' lang='lat' dir='ltr'>con-</span> 
     </span>
    </p>
   </div>
   <div class='ocr_carea' id='block_1_7' title="bbox 254 1721 1933 1942">
    <p class='ocr_par' dir='ltr' id='par_1_7' title="bbox 254 1721 1933 1942">
     <span class='ocr_line' id='line_1_9' title="bbox 335 1721 1933 1828; baseline 0.003 -32"><span class='ocrx_word' id='word_1_67' title='bbox 335 1741 467 1825; x_wconf 80' lang='lat' dir='ltr'>ceptae</span> <span class='ocrx_word' id='word_1_68' title='bbox 482 1742 573 1802; x_wconf 83' lang='lat' dir='ltr'>vota</span> <span class='ocrx_word' id='word_1_69' title='bbox 588 1725 726 1813; x_wconf 85' lang='lat' dir='ltr'>solvat,</span> <span class='ocrx_word' id='word_1_70' title='bbox 750 1751 827 1826; x_wconf 88' lang='lat' dir='ltr'>quo</span> <span class='ocrx_word' id='word_1_71' title='bbox 845 1722 1096 1800; x_wconf 84' lang='lat' dir='ltr'>universitatis</span> <span class='ocrx_word' id='word_1_72' title='bbox 1105 1721 1328 1798; x_wconf 85' lang='lat' dir='ltr'>Viennensis</span> <span class='ocrx_word' id='word_1_73' title='bbox 1341 1749 1522 1826; x_wconf 83' lang='lat' dir='ltr'><strong>proceres</strong></span> <span class='ocrx_word' id='word_1_74' title='bbox 1536 1723 1611 1804; x_wconf 84' lang='lat' dir='ltr'>stae</span> <span class='ocrx_word' id='word_1_75' title='bbox 1627 1724 1710 1798; x_wconf 86' lang='lat' dir='ltr'>labe</span> <span class='ocrx_word' id='word_1_76' title='bbox 1726 1741 1933 1828; x_wconf 85' lang='lat' dir='ltr'><strong>conceptae</strong></span> 
     </span>
     <span class='ocr_line' id='line_1_10' title="bbox 254 1838 1933 1942; baseline -0.002 -26"><span class='ocrx_word' id='word_1_77' title='bbox 254 1878 260 1888; x_wconf 82' lang='grc'><strong>-</strong></span> <span class='ocrx_word' id='word_1_78' title='bbox 333 1841 492 1941; x_wconf 79' lang='lat' dir='ltr'>virginis</span> <span class='ocrx_word' id='word_1_79' title='bbox 505 1843 652 1917; x_wconf 86' lang='lat' dir='ltr'>cultum</span> <span class='ocrx_word' id='word_1_80' title='bbox 671 1857 763 1918; x_wconf 85' lang='lat' dir='ltr'>roto</span> <span class='ocrx_word' id='word_1_81' title='bbox 785 1839 990 1942; x_wconf 82' lang='lat' dir='ltr'>suscepere.</span> <span class='ocrx_word' id='word_1_82' title='bbox 1017 1841 1107 1938; x_wconf 87' lang='lat' dir='ltr'>Quo</span> <span class='ocrx_word' id='word_1_83' title='bbox 1134 1838 1383 1942; x_wconf 81' lang='lat' dir='ltr'>quadraginta</span> <span class='ocrx_word' id='word_1_84' title='bbox 1399 1840 1616 1942; x_wconf 86' lang='lat' dir='ltr'>philosophi</span> <span class='ocrx_word' id='word_1_85' title='bbox 1635 1841 1792 1916; x_wconf 84' lang='lat' dir='ltr'>laureati</span> <span class='ocrx_word' id='word_1_86' title='bbox 1816 1841 1933 1941; x_wconf 89' lang='lat' dir='ltr'>primi</span> 
     </span>
    </p>
   </div>
   <div class='ocr_carea' id='block_1_8' title="bbox 224 1956 1935 2058">
    <p class='ocr_par' dir='ltr' id='par_1_8' title="bbox 224 1956 1935 2058">
     <span class='ocr_line' id='line_1_11' title="bbox 224 1956 1935 2058; baseline 0.001 -27"><span class='ocrx_word' id='word_1_87' title='bbox 224 1973 230 1985; x_wconf 86' lang='lat'><em>&#39;</em></span> <span class='ocrx_word' id='word_1_88' title='bbox 275 1995 279 2002; x_wconf 93' lang='lat'>·</span> <span class='ocrx_word' id='word_1_89' title='bbox 331 1958 375 2032; x_wconf 88' lang='lat' dir='ltr'>in</span> <span class='ocrx_word' id='word_1_90' title='bbox 391 1959 547 2058; x_wconf 80' lang='lat' dir='ltr'>Augusti</span> <span class='ocrx_word' id='word_1_91' title='bbox 562 1975 654 2034; x_wconf 88' lang='lat' dir='ltr'>vota</span> <span class='ocrx_word' id='word_1_92' title='bbox 664 1960 902 2058; x_wconf 80' lang='lat' dir='ltr'>juraverunt,</span> <span class='ocrx_word' id='word_1_93' title='bbox 923 1960 1016 2033; x_wconf 89' lang='lat' dir='ltr'>dum</span> <span class='ocrx_word' id='word_1_94' title='bbox 1032 1956 1204 2058; x_wconf 76' lang='lat' dir='ltr'>auspiciis</span> <span class='ocrx_word' id='word_1_95' title='bbox 1220 1957 1318 2032; x_wconf 77' lang='lat' dir='ltr'>ttt‘.</span> <span class='ocrx_word' id='word_1_96' title='bbox 1334 1959 1512 2032; x_wconf 74' lang='lat' dir='ltr'>Ererardi</span> <span class='ocrx_word' id='word_1_97' title='bbox 1526 1957 1798 2058; x_wconf 80' lang='lat' dir='ltr'>Hirschperger,</span> <span class='ocrx_word' id='word_1_98' title='bbox 1825 1957 1935 2034; x_wconf 89' lang='lat' dir='ltr'>esoc.</span> 
     </span>
    </p>
   </div>
   <div class='ocr_carea' id='block_1_9' title="bbox 306 2073 1937 3346">
    <p class='ocr_par' dir='ltr' id='par_1_9' title="bbox 306 2073 1937 3346">
     <span class='ocr_line' id='line_1_12' title="bbox 331 2073 1937 2176; baseline 0.002 -28"><span class='ocrx_word' id='word_1_99' title='bbox 331 2075 377 2148; x_wconf 82' lang='lat' dir='ltr'>Je</span> <span class='ocrx_word' id='word_1_100' title='bbox 392 2105 435 2162; x_wconf 87' lang='lat' dir='ltr'>a,</span> <span class='ocrx_word' id='word_1_101' title='bbox 453 2075 501 2150; x_wconf 85' lang='lat' dir='ltr'>A.</span> <span class='ocrx_word' id='word_1_102' title='bbox 511 2075 556 2150; x_wconf 70' lang='lat' dir='ltr'>A.</span> <span class='ocrx_word' id='word_1_103' title='bbox 575 2075 656 2149; x_wconf 92' lang='lat' dir='ltr'>LL.</span> <span class='ocrx_word' id='word_1_104' title='bbox 673 2089 711 2150; x_wconf 89' lang='lat' dir='ltr'>et</span> <span class='ocrx_word' id='word_1_105' title='bbox 731 2076 992 2176; x_wconf 88' lang='lat' dir='ltr'>philosophiae</span> <span class='ocrx_word' id='word_1_106' title='bbox 1009 2073 1189 2172; x_wconf 84' lang='lat' dir='ltr'>doctoris,</span> <span class='ocrx_word' id='word_1_107' title='bbox 1210 2073 1416 2176; x_wconf 75' lang='lat' dir='ltr'>ejusdemq.</span> <span class='ocrx_word' id='word_1_108' title='bbox 1432 2074 1669 2174; x_wconf 83' lang='lat' dir='ltr'>professoria,</span> <span class='ocrx_word' id='word_1_109' title='bbox 1687 2103 1731 2151; x_wconf 90' lang='lat' dir='ltr'>ac</span> <span class='ocrx_word' id='word_1_110' title='bbox 1750 2101 1822 2175; x_wconf 91' lang='lat' dir='ltr'>pro</span> <span class='ocrx_word' id='word_1_111' title='bbox 1841 2091 1937 2152; x_wconf 86' lang='lat' dir='ltr'>tern-</span> 
     </span>
     <span class='ocr_line' id='line_1_13' title="bbox 331 2188 1937 2292; baseline 0.004 -28"><span class='ocrx_word' id='word_1_112' title='bbox 331 2217 427 2292; x_wconf 87' lang='lat' dir='ltr'>pore</span> <span class='ocrx_word' id='word_1_113' title='bbox 444 2191 601 2266; x_wconf 82' lang='lat' dir='ltr'>senioria</span> <span class='ocrx_word' id='word_1_114' title='bbox 618 2191 886 2266; x_wconf 77' lang='lat' dir='ltr'>consistorialis.</span> <span class='ocrx_word' id='word_1_115' title='bbox 907 2191 1025 2290; x_wconf 88' lang='lat' dir='ltr'>ljdem</span> <span class='ocrx_word' id='word_1_116' title='bbox 1042 2190 1189 2264; x_wconf 90' lang='lat' dir='ltr'>domini</span> <span class='ocrx_word' id='word_1_117' title='bbox 1203 2188 1380 2292; x_wconf 84' lang='lat' dir='ltr'>suprema</span> <span class='ocrx_word' id='word_1_118' title='bbox 1396 2190 1659 2292; x_wconf 86' lang='lat' dir='ltr'>philosophiae</span> <span class='ocrx_word' id='word_1_119' title='bbox 1677 2194 1806 2268; x_wconf 73' lang='lat' dir='ltr'>laurea</span> <span class='ocrx_word' id='word_1_120' title='bbox 1826 2205 1937 2270; x_wconf 84' lang='lat' dir='ltr'>orna-</span> 
     </span>
     <span class='ocr_line' id='line_1_14' title="bbox 331 2299 1937 2407; baseline 0.004 -27"><span class='ocrx_word' id='word_1_121' title='bbox 331 2321 476 2395; x_wconf 85' lang='lat' dir='ltr'>rentur,</span> <span class='ocrx_word' id='word_1_122' title='bbox 499 2307 595 2382; x_wconf 88' lang='lat' dir='ltr'>nihil</span> <span class='ocrx_word' id='word_1_123' title='bbox 611 2299 909 2382; x_wconf 83' lang='lat' dir='ltr'>rieodoctoribue</span> <span class='ocrx_word' id='word_1_124' title='bbox 926 2306 1395 2407; x_wconf 84' lang='lat' dir='ltr'>philosophisobtulcrunt</span> <span class='ocrx_word' id='word_1_125' title='bbox 1407 2308 1582 2386; x_wconf 80' lang='lat' dir='ltr'>rhetores</span> <span class='ocrx_word' id='word_1_126' title='bbox 1603 2309 1806 2388; x_wconf 82' lang='lat' dir='ltr'>academici</span> <span class='ocrx_word' id='word_1_127' title='bbox 1819 2311 1937 2386; x_wconf 91' lang='lat' dir='ltr'>Vien-</span> 
     </span>
     <span class='ocr_line' id='line_1_15' title="bbox 331 2423 1932 2532; baseline 0.002 -35"><span class='ocrx_word' id='word_1_128' title='bbox 331 2424 475 2500; x_wconf 82' lang='lat' dir='ltr'>nenses.</span> <span class='ocrx_word' id='word_1_129' title='bbox 494 2466 546 2486; x_wconf 91' lang='grc'>-</span> <span class='ocrx_word' id='word_1_130' title='bbox 560 2425 666 2499; x_wconf 90' lang='lat' dir='ltr'>Haec</span> <span class='ocrx_word' id='word_1_131' title='bbox 685 2423 725 2497; x_wconf 93' lang='lat' dir='ltr'>in</span> <span class='ocrx_word' id='word_1_132' title='bbox 740 2423 868 2499; x_wconf 90' lang='lat' dir='ltr'>sronte</span> <span class='ocrx_word' id='word_1_133' title='bbox 884 2466 936 2482; x_wconf 94' lang='lat'>-</span> <span class='ocrx_word' id='word_1_134' title='bbox 954 2423 1019 2497; x_wconf 93' lang='lat' dir='ltr'>sol.</span> <span class='ocrx_word' id='word_1_135' title='bbox 1040 2449 1138 2498; x_wconf 65' lang='grc'>1.-</span> <span class='ocrx_word' id='word_1_136' title='bbox 1153 2424 1392 2526; x_wconf 82' lang='lat' dir='ltr'>Argumenta</span> <span class='ocrx_word' id='word_1_137' title='bbox 1418 2424 1459 2532; x_wconf 85' lang='lat' dir='ltr'>in</span> <span class='ocrx_word' id='word_1_138' title='bbox 1479 2426 1554 2499; x_wconf 94' lang='lat' dir='ltr'>hoc</span> <span class='ocrx_word' id='word_1_139' title='bbox 1576 2443 1861 2526; x_wconf 83' lang='lat' dir='ltr'>programmata</span> <span class='ocrx_word' id='word_1_140' title='bbox 1882 2429 1932 2501; x_wconf 88' lang='lat' dir='ltr'>al-</span> 
     </span>
     <span class='ocr_line' id='line_1_16' title="bbox 332 2539 1931 2642; baseline 0.003 -28"><span class='ocrx_word' id='word_1_141' title='bbox 332 2541 406 2616; x_wconf 89' lang='lat' dir='ltr'>lata</span> <span class='ocrx_word' id='word_1_142' title='bbox 421 2541 615 2642; x_wconf 82' lang='lat' dir='ltr'>sequentia</span> <span class='ocrx_word' id='word_1_143' title='bbox 628 2539 730 2616; x_wconf 84' lang='lat' dir='ltr'>sunt:</span> <span class='ocrx_word' id='word_1_144' title='bbox 762 2544 798 2638; x_wconf 90' lang='lat'>1)</span> <span class='ocrx_word' id='word_1_145' title='bbox 816 2541 913 2616; x_wconf 92' lang='lat' dir='ltr'>nihil</span> <span class='ocrx_word' id='word_1_146' title='bbox 934 2541 981 2616; x_wconf 92' lang='lat' dir='ltr'>ab</span> <span class='ocrx_word' id='word_1_147' title='bbox 997 2541 1103 2616; x_wconf 92' lang='lat' dir='ltr'>omni</span> <span class='ocrx_word' id='word_1_148' title='bbox 1118 2557 1228 2641; x_wconf 87' lang='lat' dir='ltr'>parte</span> <span class='ocrx_word' id='word_1_149' title='bbox 1243 2541 1399 2618; x_wconf 80' lang='lat' dir='ltr'>beatum</span> <span class='ocrx_word' id='word_1_150' title='bbox 1424 2547 1463 2638; x_wconf 88' lang='lat'>2)</span> <span class='ocrx_word' id='word_1_151' title='bbox 1480 2567 1661 2642; x_wconf 86' lang='lat' dir='ltr'>magnum</span> <span class='ocrx_word' id='word_1_152' title='bbox 1672 2543 1711 2618; x_wconf 92' lang='lat' dir='ltr'>in</span> <span class='ocrx_word' id='word_1_153' title='bbox 1728 2543 1931 2638; x_wconf 78' lang='lat' dir='ltr'>rebueina·</span> 
     </span>
     <span class='ocr_line' id='line_1_17' title="bbox 333 2651 1934 2760; baseline 0.002 -28"><span class='ocrx_word' id='word_1_154' title='bbox 333 2683 381 2732; x_wconf 90' lang='lat' dir='ltr'>ne</span> <span class='ocrx_word' id='word_1_155' title='bbox 395 2657 502 2732; x_wconf 90' lang='lat' dir='ltr'>nihil.</span> <span class='ocrx_word' id='word_1_156' title='bbox 519 2673 688 2759; x_wconf 87' lang='lat' dir='ltr'>utrumq.</span> <span class='ocrx_word' id='word_1_157' title='bbox 702 2651 978 2758; x_wconf 46' lang='lat' dir='ltr'>&#39;argumentum</span> <span class='ocrx_word' id='word_1_158' title='bbox 994 2659 1180 2759; x_wconf 89' lang='lat' dir='ltr'>probatur</span> <span class='ocrx_word' id='word_1_159' title='bbox 1197 2685 1268 2758; x_wconf 90' lang='lat' dir='ltr'>per</span> <span class='ocrx_word' id='word_1_160' title='bbox 1285 2659 1485 2734; x_wconf 84' lang='lat' dir='ltr'>sententiae</span> <span class='ocrx_word' id='word_1_161' title='bbox 1510 2662 1667 2734; x_wconf 81' lang='lat' dir='ltr'>Senecae</span> <span class='ocrx_word' id='word_1_162' title='bbox 1686 2677 1725 2735; x_wconf 88' lang='lat' dir='ltr'>et</span> <span class='ocrx_word' id='word_1_163' title='bbox 1749 2660 1934 2760; x_wconf 66' lang='lat' dir='ltr'>Phrugu-</span> 
     </span>
     <span class='ocr_line' id='line_1_18' title="bbox 331 2773 1934 2878; baseline 0.002 -30"><span class='ocrx_word' id='word_1_164' title='bbox 331 2799 454 2849; x_wconf 84' lang='lat' dir='ltr'>rae—</span> <span class='ocrx_word' id='word_1_165' title='bbox 469 2773 719 2850; x_wconf 83' lang='lat' dir='ltr'>Athenienses</span> <span class='ocrx_word' id='word_1_166' title='bbox 748 2775 872 2876; x_wconf 90' lang='lat' dir='ltr'>(dicit)</span> <span class='ocrx_word' id='word_1_167' title='bbox 900 2777 1059 2850; x_wconf 80' lang='lat' dir='ltr'>Senecae</span> <span class='ocrx_word' id='word_1_168' title='bbox 1078 2801 1228 2852; x_wconf 86' lang='lat' dir='ltr'>aeream</span> <span class='ocrx_word' id='word_1_169' title='bbox 1244 2775 1402 2876; x_wconf 86' lang='lat' dir='ltr'>posuisse</span> <span class='ocrx_word' id='word_1_170' title='bbox 1417 2779 1584 2864; x_wconf 81' lang='lat' dir='ltr'>statuam,</span> <span class='ocrx_word' id='word_1_171' title='bbox 1609 2793 1653 2852; x_wconf 94' lang='lat' dir='ltr'>ut</span> <span class='ocrx_word' id='word_1_172' title='bbox 1666 2777 1812 2878; x_wconf 88' lang='lat' dir='ltr'>aliquid</span> <span class='ocrx_word' id='word_1_173' title='bbox 1835 2778 1934 2852; x_wconf 87' lang='lat' dir='ltr'>aeris</span> 
     </span>
     <span class='ocr_line' id='line_1_19' title="bbox 330 2891 1932 2996; baseline 0.002 -32"><span class='ocrx_word' id='word_1_174' title='bbox 330 2891 491 2968; x_wconf 86' lang='lat' dir='ltr'>haberet</span> <span class='ocrx_word' id='word_1_175' title='bbox 507 2907 702 2980; x_wconf 73' lang='lat' dir='ltr'>mortuus,</span> <span class='ocrx_word' id='word_1_176' title='bbox 729 2893 796 2994; x_wconf 91' lang='lat' dir='ltr'>qui</span> <span class='ocrx_word' id='word_1_177' title='bbox 817 2892 928 2970; x_wconf 78' lang='lat' dir='ltr'>rivus</span> <span class='ocrx_word' id='word_1_178' title='bbox 948 2893 1083 2972; x_wconf 83' lang='lat' dir='ltr'>habuit</span> <span class='ocrx_word' id='word_1_179' title='bbox 1101 2893 1197 2966; x_wconf 91' lang='lat' dir='ltr'>nihil</span> <span class='ocrx_word' id='word_1_180' title='bbox 1216 2933 1267 2962; x_wconf 87' lang='lat'>-.</span> <span class='ocrx_word' id='word_1_181' title='bbox 1286 2893 1393 2968; x_wconf 85' lang='lat' dir='ltr'>iuxta</span> <span class='ocrx_word' id='word_1_182' title='bbox 1420 2893 1658 2995; x_wconf 79' lang='lat' dir='ltr'>epitaphium</span> <span class='ocrx_word' id='word_1_183' title='bbox 1683 2893 1932 2996; x_wconf 71' lang='lat' dir='ltr'>Pythagorae:</span> 
     </span>
     <span class='ocr_line' id='line_1_20' title="bbox 329 3008 1935 3110; baseline 0.002 -28"><span class='ocrx_word' id='word_1_184' title='bbox 329 3008 498 3086; x_wconf 86' lang='lat' dir='ltr'>humana</span> <span class='ocrx_word' id='word_1_185' title='bbox 519 3026 655 3086; x_wconf 87' lang='lat' dir='ltr'>cuncta</span> <span class='ocrx_word' id='word_1_186' title='bbox 670 3009 817 3098; x_wconf 82' lang='lat' dir='ltr'>sumus,</span> <span class='ocrx_word' id='word_1_187' title='bbox 835 3011 986 3099; x_wconf 67' lang='lat' dir='ltr'>timbre,</span> <span class='ocrx_word' id='word_1_188' title='bbox 1004 3010 1171 3100; x_wconf 75' lang='lat' dir='ltr'>vanitas,</span> <span class='ocrx_word' id='word_1_189' title='bbox 1190 3026 1230 3084; x_wconf 90' lang='lat' dir='ltr'>et</span> <span class='ocrx_word' id='word_1_190' title='bbox 1244 3010 1372 3086; x_wconf 85' lang='lat' dir='ltr'>scenae</span> <span class='ocrx_word' id='word_1_191' title='bbox 1389 3012 1534 3110; x_wconf 83' lang='lat' dir='ltr'>imago,</span> <span class='ocrx_word' id='word_1_192' title='bbox 1559 3027 1600 3086; x_wconf 87' lang='lat' dir='ltr'>et</span> <span class='ocrx_word' id='word_1_193' title='bbox 1617 3011 1735 3087; x_wconf 87' lang='lat' dir='ltr'>verbo</span> <span class='ocrx_word' id='word_1_194' title='bbox 1755 3027 1795 3086; x_wconf 91' lang='lat' dir='ltr'>et</span> <span class='ocrx_word' id='word_1_195' title='bbox 1813 3011 1935 3090; x_wconf 84' lang='lat' dir='ltr'>absol·</span> 
     </span>
     <span class='ocr_line' id='line_1_21' title="bbox 306 3127 1930 3229; baseline 0.002 -28"><span class='ocrx_word' id='word_1_196' title='bbox 306 3148 308 3154; x_wconf 76' lang='grc'>’</span> <span class='ocrx_word' id='word_1_197' title='bbox 332 3152 440 3213; x_wconf 85' lang='lat' dir='ltr'>vam,</span> <span class='ocrx_word' id='word_1_198' title='bbox 454 3127 612 3202; x_wconf 85' lang='lat' dir='ltr'>nihil-</span> <span class='ocrx_word' id='word_1_199' title='bbox 628 3128 807 3204; x_wconf 86' lang='lat' dir='ltr'>adfinem</span> <span class='ocrx_word' id='word_1_200' title='bbox 824 3128 888 3202; x_wconf 83' lang='lat' dir='ltr'>fol.</span> <span class='ocrx_word' id='word_1_201' title='bbox 909 3153 964 3203; x_wconf 83' lang='lat'>12.</span> <span class='ocrx_word' id='word_1_202' title='bbox 990 3155 1021 3204; x_wconf 81' lang='lat' dir='ltr'>a</span> <span class='ocrx_word' id='word_1_203' title='bbox 1045 3129 1110 3204; x_wconf 91' lang='lat' dir='ltr'>lin.</span> <span class='ocrx_word' id='word_1_204' title='bbox 1131 3155 1189 3226; x_wconf 79' lang='lat'>27.</span> <span class='ocrx_word' id='word_1_205' title='bbox 1215 3127 1354 3228; x_wconf 85' lang='lat' dir='ltr'>legitur</span> <span class='ocrx_word' id='word_1_206' title='bbox 1380 3148 1502 3204; x_wconf 80' lang='lat' dir='ltr'>annua</span> <span class='ocrx_word' id='word_1_207' title='bbox 1529 3129 1632 3228; x_wconf 85' lang='lat'><strong>1569.</strong></span> <span class='ocrx_word' id='word_1_208' title='bbox 1658 3129 1930 3229; x_wconf 85' lang='lat' dir='ltr'>chronologico</span> 
     </span>
     <span class='ocr_line' id='line_1_22' title="bbox 331 3244 1492 3346; baseline -0.001 -26"><span class='ocrx_word' id='word_1_209' title='bbox 331 3244 532 3345; x_wconf 85' lang='lat' dir='ltr'>expressus.</span> <span class='ocrx_word' id='word_1_210' title='bbox 555 3245 667 3320; x_wconf 89' lang='lat' dir='ltr'>Char.</span> <span class='ocrx_word' id='word_1_211' title='bbox 687 3244 850 3344; x_wconf 80' lang='lat' dir='ltr'>grandia.</span> <span class='ocrx_word' id='word_1_212' title='bbox 870 3244 948 3322; x_wconf 92' lang='lat' dir='ltr'>soll.</span> <span class='ocrx_word' id='word_1_213' title='bbox 967 3271 1049 3322; x_wconf 90' lang='lat' dir='ltr'>non</span> <span class='ocrx_word' id='word_1_214' title='bbox 1063 3247 1203 3346; x_wconf 85' lang='lat' dir='ltr'>signata</span> <span class='ocrx_word' id='word_1_215' title='bbox 1225 3271 1280 3322; x_wconf 60' lang='grc' dir='ltr'>ια.</span> <span class='ocrx_word' id='word_1_216' title='bbox 1305 3245 1369 3320; x_wconf 91' lang='lat' dir='ltr'>lin.</span> <span class='ocrx_word' id='word_1_217' title='bbox 1383 3245 1441 3336; x_wconf 72' lang='lat'>34.</span> <span class='ocrx_word' id='word_1_218' title='bbox 1459 3253 1492 3336; x_wconf 75' lang='lat'>4.</span> 
     </span>
    </p>
   </div>
   <div class='ocr_carea' id='block_1_10' title="bbox 382 3383 1113 3461">
    <p class='ocr_par' dir='ltr' id='par_1_10' title="bbox 382 3383 1113 3461">
     <span class='ocr_line' id='line_1_23' title="bbox 382 3383 1113 3461; baseline 0 -20"><span class='ocrx_word' id='word_1_219' title='bbox 382 3436 403 3461; x_wconf 28' lang='grc' dir='ltr'>,ἱ</span> <span class='ocrx_word' id='word_1_220' title='bbox 522 3385 638 3441; x_wconf 83' lang='lat' dir='ltr'>Nomen</span> <span class='ocrx_word' id='word_1_221' title='bbox 653 3383 740 3442; x_wconf 78' lang='lat' dir='ltr'>huiua</span> <span class='ocrx_word' id='word_1_222' title='bbox 757 3385 885 3440; x_wconf 79' lang='lat' dir='ltr'>auooorir</span> <span class='ocrx_word' id='word_1_223' title='bbox 899 3401 960 3440; x_wconf 83' lang='lat' dir='ltr'>noa</span> <span class='ocrx_word' id='word_1_224' title='bbox 976 3399 1113 3441; x_wconf 77' lang='lat' dir='ltr'>occurrat.</span> 
     </span>
    </p>
   </div>
   <div class='ocr_carea' id='block_1_11' title="bbox 978 3549 1297 3624">
    <p class='ocr_par' dir='ltr' id='par_1_11' title="bbox 978 3549 1297 3624">
     <span class='ocr_line' id='line_1_24' title="bbox 978 3549 1297 3624; baseline 0.006 -2"><span class='ocrx_word' id='word_1_225' title='bbox 978 3551 1031 3623; x_wconf 88' lang='grc' dir='ltr'>Μ.</span> <span class='ocrx_word' id='word_1_226' title='bbox 1057 3550 1106 3624; x_wconf 90' lang='lat' dir='ltr'>D.</span> <span class='ocrx_word' id='word_1_227' title='bbox 1132 3549 1297 3624; x_wconf 92' lang='lat' dir='ltr'><strong>LXXV.</strong></span> 
     </span>
    </p>
   </div>
   <div class='ocr_carea' id='block_1_12' title="bbox 329 3675 2023 3906">
    <p class='ocr_par' dir='ltr' id='par_1_12' title="bbox 329 3675 2023 3906">
     <span class='ocr_line' id='line_1_25' title="bbox 425 3675 2023 3792; baseline 0.001 -32"><span class='ocrx_word' id='word_1_228' title='bbox 425 3685 713 3782; x_wconf 85' lang='lat' dir='ltr'>687.-·Carmea</span> <span class='ocrx_word' id='word_1_229' title='bbox 724 3685 770 3762; x_wconf 88' lang='lat' dir='ltr'>de</span> <span class='ocrx_word' id='word_1_230' title='bbox 779 3701 906 3762; x_wconf 85' lang='lat' dir='ltr'>morte¹</span> <span class='ocrx_word' id='word_1_231' title='bbox 917 3679 1240 3764; x_wconf 88' lang='lat' dir='ltr'>etresurrectione</span> <span class='ocrx_word' id='word_1_232' title='bbox 1250 3675 1444 3764; x_wconf 78' lang='lat' dir='ltr'>salvatoris</span> <span class='ocrx_word' id='word_1_233' title='bbox 1454 3681 1568 3763; x_wconf 83' lang='lat' dir='ltr'>noslri</span> <span class='ocrx_word' id='word_1_234' title='bbox 1576 3686 1665 3762; x_wconf 88' lang='lat' dir='ltr'>Jesu</span> <span class='ocrx_word' id='word_1_235' title='bbox 1674 3687 1808 3777; x_wconf 80' lang='lat' dir='ltr'>christi,</span> <span class='ocrx_word' id='word_1_236' title='bbox 1817 3689 1932 3792; x_wconf 87' lang='lat' dir='ltr'>scrip·</span> <span class='ocrx_word' id='word_1_237' title='bbox 2018 3743 2023 3746; x_wconf 89' lang='lat'>-</span> 
     </span>
     <span class='ocr_line' id='line_1_26' title="bbox 329 3802 1932 3906; baseline 0.002 -30"><span class='ocrx_word' id='word_1_238' title='bbox 329 3803 634 3877; x_wconf 81' lang='lat' dir='ltr'>tumaFriderico</span> <span class='ocrx_word' id='word_1_239' title='bbox 646 3802 1241 3906; x_wconf 77' lang='lat' dir='ltr'>Crusrirlaubenlillexapolitano.</span> <span class='ocrx_word' id='word_1_240' title='bbox 1261 3804 1932 3902; x_wconf 72' lang='lat' dir='ltr'>WeaaaeAustnireM.D.LXXV.-</span> 
     </span>
    </p>
   </div>
   <div class='ocr_carea' id='block_1_13' title="bbox 331 3917 1932 4022">
    <p class='ocr_par' dir='ltr' id='par_1_13' title="bbox 331 3917 1932 4022">
     <span class='ocr_line' id='line_1_27' title="bbox 331 3917 1932 4022; baseline 0.006 -32"><span class='ocrx_word' id='word_1_241' title='bbox 331 3917 437 3993; x_wconf 90' lang='lat' dir='ltr'>Haec</span> <span class='ocrx_word' id='word_1_242' title='bbox 454 3917 494 3992; x_wconf 94' lang='lat' dir='ltr'>in</span> <span class='ocrx_word' id='word_1_243' title='bbox 509 3918 646 3994; x_wconf 85' lang='lat' dir='ltr'>fronte.</span> <span class='ocrx_word' id='word_1_244' title='bbox 663 3961 713 3978; x_wconf 89' lang='lat'>-</span> <span class='ocrx_word' id='word_1_245' title='bbox 734 3919 800 3993; x_wconf 87' lang='lat' dir='ltr'>fot.</span> <span class='ocrx_word' id='word_1_246' title='bbox 816 3945 846 3994; x_wconf 74' lang='grc' dir='ltr'>ι.</span> <span class='ocrx_word' id='word_1_247' title='bbox 869 3921 1022 4022; x_wconf 85' lang='lat' dir='ltr'>epistola</span> <span class='ocrx_word' id='word_1_248' title='bbox 1037 3920 1271 3998; x_wconf 82' lang='lat' dir='ltr'>dedicatoria</span> <span class='ocrx_word' id='word_1_249' title='bbox 1286 3921 1334 3996; x_wconf 88' lang='lat' dir='ltr'>ad</span> <span class='ocrx_word' id='word_1_250' title='bbox 1356 3921 1404 3997; x_wconf 88' lang='lat' dir='ltr'>D.</span> <span class='ocrx_word' id='word_1_251' title='bbox 1428 3923 1544 3998; x_wconf 82' lang='lat' dir='ltr'>Vitam</span> <span class='ocrx_word' id='word_1_252' title='bbox 1561 3922 1747 3996; x_wconf 73' lang='lat' dir='ltr'>Albanum</span> <span class='ocrx_word' id='word_1_253' title='bbox 1772 3924 1819 3999; x_wconf 90' lang='lat' dir='ltr'>de</span> <span class='ocrx_word' id='word_1_254' title='bbox 1835 3925 1932 4000; x_wconf 86' lang='lat' dir='ltr'>Bau-</span> 
     </span>
    </p>
   </div>
   <div class='ocr_carea' id='block_1_14' title="bbox 325 4033 1930 4242">
    <p class='ocr_par' dir='ltr' id='par_1_14' title="bbox 325 4033 1930 4242">
     <span class='ocr_line' id='line_1_28' title="bbox 325 4033 1930 4226; baseline 0.007 -120"><span class='ocrx_word' id='word_1_255' title='bbox 325 4033 512 4226; x_wconf 48' lang='grc' dir='ltr'>ἷῇαζιὲη-</span> <span class='ocrx_word' id='word_1_256' title='bbox 525 4034 589 4109; x_wconf 91' lang='lat' dir='ltr'>sol.</span> <span class='ocrx_word' id='word_1_257' title='bbox 606 4062 640 4112; x_wconf 83' lang='lat'>2.</span> <span class='ocrx_word' id='word_1_258' title='bbox 659 4035 842 4136; x_wconf 81' lang='lat' dir='ltr'>elegia-</span> <span class='ocrx_word' id='word_1_259' title='bbox 860 4037 945 4114; x_wconf 88' lang='lat' dir='ltr'>finit</span> <span class='ocrx_word' id='word_1_260' title='bbox 961 4039 1025 4114; x_wconf 89' lang='lat' dir='ltr'>sol.</span> <span class='ocrx_word' id='word_1_261' title='bbox 1043 4040 1079 4126; x_wconf 83' lang='lat'>6,</span> <span class='ocrx_word' id='word_1_262' title='bbox 1097 4039 1132 4115; x_wconf 89' lang='lat' dir='ltr'>h.</span> <span class='ocrx_word' id='word_1_263' title='bbox 1159 4038 1270 4116; x_wconf 88' lang='lat' dir='ltr'>Char.</span> <span class='ocrx_word' id='word_1_264' title='bbox 1287 4039 1386 4114; x_wconf 88' lang='lat' dir='ltr'>med.</span> <span class='ocrx_word' id='word_1_265' title='bbox 1404 4039 1565 4138; x_wconf 82' lang='lat' dir='ltr'>grandis.</span> <span class='ocrx_word' id='word_1_266' title='bbox 1585 4038 1662 4112; x_wconf 91' lang='lat' dir='ltr'>soll.</span> <span class='ocrx_word' id='word_1_267' title='bbox 1687 4042 1721 4114; x_wconf 87' lang='lat'>6.</span> <span class='ocrx_word' id='word_1_268' title='bbox 1742 4067 1822 4116; x_wconf 89' lang='lat' dir='ltr'>non</span> <span class='ocrx_word' id='word_1_269' title='bbox 1843 4041 1930 4142; x_wconf 85' lang='lat' dir='ltr'>sign.</span> 
     </span>
     <span class='ocr_line' id='line_1_29' title="bbox 344 4150 1763 4242; baseline 0.008 -18"><span class='ocrx_word' id='word_1_270' title='bbox 344 4150 394 4226; x_wconf 90' lang='lat' dir='ltr'>in.</span> <span class='ocrx_word' id='word_1_271' title='bbox 462 4158 525 4242; x_wconf 53' lang='grc' dir='ltr'>,ιμ’</span> <span class='ocrx_word' id='word_1_272' title='bbox 1310 4173 1312 4178; x_wconf 87' lang='grc'><strong>’</strong></span> <span class='ocrx_word' id='word_1_273' title='bbox 1761 4189 1763 4195; x_wconf 96' lang='grc'><strong><em>·</em></strong></span> 
     </span>
    </p>
   </div>
   <div class='ocr_carea' id='block_1_15' title="bbox 368 4264 999 4368">
    <p class='ocr_par' dir='ltr' id='par_1_15' title="bbox 368 4264 999 4368">
     <span class='ocr_line' id='line_1_30' title="bbox 368 4264 999 4368; baseline 0.006 -22"><span class='ocrx_word' id='word_1_274' title='bbox 368 4299 372 4306; x_wconf 87' lang='grc'>’</span> <span class='ocrx_word' id='word_1_275' title='bbox 521 4288 694 4348; x_wconf 77' lang='lat' dir='ltr'>Hucuerlum</span> <span class='ocrx_word' id='word_1_276' title='bbox 710 4289 817 4368; x_wconf 67' lang='lat' dir='ltr'>absque</span> <span class='ocrx_word' id='word_1_277' title='bbox 830 4264 999 4352; x_wconf 80' lang='lat' dir='ltr'>recensione.</span> 
     </span>
    </p>
   </div>
   <div class='ocr_carea' id='block_1_16' title="bbox 425 4459 2066 4550">
    <p class='ocr_par' dir='ltr' id='par_1_16' title="bbox 425 4459 2066 4550">
     <span class='ocr_line' id='line_1_31' title="bbox 425 4459 2066 4550; baseline 0.006 -18"><span class='ocrx_word' id='word_1_278' title='bbox 425 4459 509 4540; x_wconf 87' lang='grc'><strong>688.</strong></span> <span class='ocrx_word' id='word_1_279' title='bbox 534 4501 584 4518; x_wconf 91' lang='grc'>-</span> <span class='ocrx_word' id='word_1_280' title='bbox 612 4463 784 4536; x_wconf 70' lang='lat' dir='ltr'>Canatha</span> <span class='ocrx_word' id='word_1_281' title='bbox 800 4464 1047 4538; x_wconf 79' lang='lat' dir='ltr'>Gratulaton‘a</span> <span class='ocrx_word' id='word_1_282' title='bbox 1057 4465 1264 4538; x_wconf 66' lang='lat' dir='ltr'>Stantisaui</span> <span class='ocrx_word' id='word_1_283' title='bbox 1274 4461 1445 4550; x_wconf 82' lang='lat' dir='ltr'>Rolandi</span> <span class='ocrx_word' id='word_1_284' title='bbox 1458 4463 1498 4538; x_wconf 91' lang='lat' dir='ltr'>in</span> <span class='ocrx_word' id='word_1_285' title='bbox 1519 4463 1709 4541; x_wconf 85' lang='lat' dir='ltr'>honorem</span> <span class='ocrx_word' id='word_1_286' title='bbox 1729 4467 1930 4544; x_wconf 88' lang='lat' dir='ltr'>celeberri-</span> <span class='ocrx_word' id='word_1_287' title='bbox 2060 4493 2066 4502; x_wconf 88' lang='grc'><strong><em>’</em></strong></span> 
     </span>
    </p>
   </div>
   <div class='ocr_carea' id='block_1_17' title="bbox 329 4574 1975 4686">
    <p class='ocr_par' dir='ltr' id='par_1_17' title="bbox 329 4574 1975 4686">
     <span class='ocr_line' id='line_1_32' title="bbox 329 4574 1975 4686; baseline 0.008 -38"><span class='ocrx_word' id='word_1_288' title='bbox 329 4574 384 4648; x_wconf 89' lang='lat' dir='ltr'>mi</span> <span class='ocrx_word' id='word_1_289' title='bbox 406 4592 510 4651; x_wconf 84' lang='lat' dir='ltr'>actua</span> <span class='ocrx_word' id='word_1_290' title='bbox 527 4577 783 4677; x_wconf 87' lang='lat' dir='ltr'>ingenuorum</span> <span class='ocrx_word' id='word_1_291' title='bbox 797 4578 1087 4656; x_wconf 88' lang='lat' dir='ltr'>adolescentium</span> <span class='ocrx_word' id='word_1_292' title='bbox 1106 4597 1176 4656; x_wconf 90' lang='lat' dir='ltr'>etc.</span> <span class='ocrx_word' id='word_1_293' title='bbox 1205 4605 1293 4662; x_wconf 86' lang='lat' dir='ltr'>cum</span> <span class='ocrx_word' id='word_1_294' title='bbox 1314 4582 1355 4656; x_wconf 91' lang='lat' dir='ltr'>in</span> <span class='ocrx_word' id='word_1_295' title='bbox 1371 4581 1585 4658; x_wconf 87' lang='lat' dir='ltr'>liberalium</span> <span class='ocrx_word' id='word_1_296' title='bbox 1608 4583 1749 4659; x_wconf 86' lang='lat' dir='ltr'>artium</span> <span class='ocrx_word' id='word_1_297' title='bbox 1775 4611 1818 4660; x_wconf 87' lang='lat' dir='ltr'>ac</span> <span class='ocrx_word' id='word_1_298' title='bbox 1834 4587 1929 4686; x_wconf 83' lang='lat' dir='ltr'>&#39;phi-</span> <span class='ocrx_word' id='word_1_299' title='bbox 1941 4667 1947 4674; x_wconf 53' lang='grc'>,,</span> <span class='ocrx_word' id='word_1_300' title='bbox 1973 4675 1975 4680; x_wconf 23' lang='grc' dir='ltr'>Ι</span> 
     </span>
    </p>
   </div>
   <div class='ocr_carea' id='block_1_18' title="bbox 328 4685 2091 4796">
    <p class='ocr_par' dir='ltr' id='par_1_18' title="bbox 328 4685 2091 4796">
     <span class='ocr_line' id='line_1_33' title="bbox 328 4685 2091 4796; baseline 0.006 -32"><span class='ocrx_word' id='word_1_301' title='bbox 328 4689 525 4793; x_wconf 85' lang='lat' dir='ltr'>losophiae</span> <span class='ocrx_word' id='word_1_302' title='bbox 548 4695 667 4770; x_wconf 78' lang='lat' dir='ltr'>studio</span> <span class='ocrx_word' id='word_1_303' title='bbox 696 4697 863 4796; x_wconf 85' lang='lat' dir='ltr'>primam</span> <span class='ocrx_word' id='word_1_304' title='bbox 880 4697 1048 4774; x_wconf 82' lang='lat' dir='ltr'>lauream</span> <span class='ocrx_word' id='word_1_305' title='bbox 1064 4697 1313 4786; x_wconf 71' lang='lat' dir='ltr'>assumerent,</span> <span class='ocrx_word' id='word_1_306' title='bbox 1339 4700 1453 4774; x_wconf 87' lang='lat' dir='ltr'>Anno</span> <span class='ocrx_word' id='word_1_307' title='bbox 1473 4700 1744 4776; x_wconf 89' lang='lat' dir='ltr'><strong>M.D.LXXV.</strong></span> <span class='ocrx_word' id='word_1_308' title='bbox 1768 4703 1928 4776; x_wconf 66' lang='lat' dir='ltr'>Weaaae</span> <span class='ocrx_word' id='word_1_309' title='bbox 1955 4685 1963 4697; x_wconf 57' lang='lat'><strong><em>¹</em></strong></span> <span class='ocrx_word' id='word_1_310' title='bbox 2087 4713 2091 4722; x_wconf 90' lang='lat'>&#39;</span> 
     </span>
    </p>
   </div>
   <div class='ocr_carea' id='block_1_19' title="bbox 330 4809 1925 4920">
    <p class='ocr_par' dir='ltr' id='par_1_19' title="bbox 330 4809 1925 4920">
     <span class='ocr_line' id='line_1_34' title="bbox 330 4809 1925 4920; baseline 0.008 -37"><span class='ocrx_word' id='word_1_311' title='bbox 330 4809 499 4906; x_wconf 79' lang='lat' dir='ltr'>Austa&#39;ae</span> <span class='ocrx_word' id='word_1_312' title='bbox 513 4812 724 4892; x_wconf 83' lang='lat' dir='ltr'>excudebat</span> <span class='ocrx_word' id='word_1_313' title='bbox 738 4813 940 4916; x_wconf 76' lang='lat' dir='ltr'>Stephanus</span> <span class='ocrx_word' id='word_1_314' title='bbox 960 4817 1119 4896; x_wconf 77' lang='lat' dir='ltr'>Creueer.</span> <span class='ocrx_word' id='word_1_315' title='bbox 1136 4859 1183 4880; x_wconf 91' lang='lat'><em>-</em></span> <span class='ocrx_word' id='word_1_316' title='bbox 1202 4817 1305 4896; x_wconf 84' lang='lat' dir='ltr'>Haec</span> <span class='ocrx_word' id='word_1_317' title='bbox 1325 4817 1517 4898; x_wconf 79' lang='lat' dir='ltr'>intrante.</span> <span class='ocrx_word' id='word_1_318' title='bbox 1536 4818 1601 4896; x_wconf 85' lang='lat' dir='ltr'>sol.</span> <span class='ocrx_word' id='word_1_319' title='bbox 1620 4845 1654 4894; x_wconf 80' lang='lat' dir='ltr'>a.</span> <span class='ocrx_word' id='word_1_320' title='bbox 1672 4819 1847 4920; x_wconf 80' lang='lat' dir='ltr'>elegia·</span> <span class='ocrx_word' id='word_1_321' title='bbox 1860 4819 1925 4895; x_wconf 89' lang='lat' dir='ltr'>sol.</span> 
     </span>
    </p>
   </div>
   <div class='ocr_carea' id='block_1_20' title="bbox 731 5229 898 5312">
    <p class='ocr_par' dir='ltr' id='par_1_20' title="bbox 731 5229 898 5312">
     <span class='ocr_line' id='line_1_35' title="bbox 731 5229 898 5312; baseline 0 0"><span class='ocrx_word' id='word_1_322' title='bbox 731 5257 733 5262; x_wconf 89' lang='lat'>·</span> <span class='ocrx_word' id='word_1_323' title='bbox 860 5229 898 5312; x_wconf 59' lang='lat' dir='ltr'>k</span> 
     </span>
    </p>
   </div>
   <div class='ocr_carea' id='block_1_21' title="bbox 0 0 2322 5878">
    <p class='ocr_par' dir='ltr' id='par_1_21' title="bbox 0 0 2322 5878">
     <span class='ocr_line' id='line_1_36' title="bbox 0 0 2322 5878; baseline 0 5"><span class='ocrx_word' id='word_1_324' title='bbox 0 0 2322 5878; x_wconf 95' lang='lat' dir='ltr'> </span> 
     </span>
    </p>
   </div>
  </div>
 </body>
</html>
