4696 5860
415 637 462 711 ι6
823 659 1063 718 caranoous
1082 629 1456 718 auuoonarutc'us
1482 656 1606 716 unni.

416 829 563 905 Textua
585 831 881 930 Evangeliorum
897 836 1063 910 distincte
1081 863 1199 936 queas
1228 835 1395 937 apposite
1415 861 1491 936 que
1507 831 1714 909 reminisci:
1741 831 1803 907 ista
1819 833 1889 908 tibi
1923 835 2015 910 she>

412 972 497 1021 mas
516 947 732 1046 Phoroensts
743 969 999 1052 cognomento
1014 935 1228 1051 Anfhelnli:
1248 953 1308 1028 vir
1320 952 1531 1052 magisterio
1548 947 2012 1051 predituainsolentetllu·

418 1062 471 1136 dii
484 1090 578 1139 vero
594 1067 701 1166 quod
710 1068 903 1170 reliquum
920 1087 1012 1158 erat,
1032 1061 1363 1148 exercitationisve
1382 1069 1524 1150 donare
1536 1095 1616 1144 non
1636 1056 1773 1168 potuit.
1794 1063 2009 1170 adipisceris

418 1195 565 1265 autern,
584 1181 608 1254 si
627 1183 794 1260 rationes
812 1187 1070 1287 preceptionis
1090 1187 1283 1285 diligentia
1299 1184 1616 1273 imitaberis,usus
1631 1185 1902 1287 frequentioris
1920 1186 2013 1260 vale.

421 1295 523 1373 1503.
537 1298 648 1376 Char.
660 1327 762 1376 rom.
779 1300 871 1400 eleg.
889 1329 978 1377 cum
994 1303 1134 1403 figuris.
1156 1303 1234 1378 soll.
1258 1303 1389 1400 17.1in.
1401 1309 1459 1400 27.
1476 1309 1510 1391 4.

609 1438 765 1494 Panzerus.
778 1439 810 1493 in
826 1438 931 1494 Annad
949 1441 1081 1514 Typogr.
1100 1441 1184 1496 Tom.
1193 1437 1223 1496 8.
1233 1460 1269 1516 ¹p.
1280 1439 1343 1495 226.
1370 1441 1408 1495 N.
1431 1459 1455 1495 r.
1473 1437 1550 1494 bano
1567 1437 1725 1494 editionem
1752 1438 1789 1494 ad
1806 1457 1914 1494 annum
1934 1439 2012 1495 1502.

706 1529 811 1596 tesam
829 1528 924 1584 lorran
940 1529 1034 1604 ipsum
1051 1548 1123 1606 opus
1135 1549 1195 1586 non
1213 1548 1280 1587 ante
1297 1531 1396 1586 οοιιΙοι
1413 1527 1534 1598 babuit,
1549 1547 1617 1586 nam
1634 1548 1725 1587 annua
1747 1531 1827 1588 1503.
1842 1532 1875 1587 in
1893 1529 1948 1587 line
1963 1529 2015 1586 lit-

706 1620 774 1676 terie
792 1620 915 1696 arabicis
931 1621 1100 1678 nonlatiniu
1115 1623 1256 1700 express'ua
1268 1622 1392 1700 legitur..

516 1806 574 1905 39.
586 1846 633 1866 -
647 1807 852 1909 Margarita
864 1813 1017 1912 poetica.
1043 1809 1131 1886 cuni
1152 1813 1184 1887 5.
1204 1811 1366 1890 distichis
1389 1811 1623 1910 Rz'ngmanni
1654 1809 1808 1908 Chz'lesii
1823 1808 2016 1908 Vasagige·

421 1949 567 1999 nae-
587 1925 674 2000 Hoc
702 1927 742 2000 in
766 1927 903 2004 sronte.
924 1929 1107 2030 Sequitur
1134 1931 1383 2006 materiarum
1405 1927 1671 2020 Annotatio-
1690 1927 1779 2002 dein
1801 1927 1866 2002 sol.
1891 1929 1915 2000 6
1936 1951 2016 2011 non

420 2039 563 2139 signato
580 2042 743 2142 Epillola
760 2042 992 2120 dedicatoria
1016 2045 1196 2122 Auctoris
1214 2047 1361 2123 Albani
1375 2046 1421 2122 ab
1438 2046 1520 2147 Eyb
1537 2043 1584 2119 ad
1596 2043 1824 2119 Pontificem
1840 2044 1953 2118 Pium
1971 2045 2016 2116 ll.

418 2157 639 2256 praemissus
672 2161 865 2234 nonnullis
888 2163 1194 2262 Epigramatibus
1231 2163 1271 2236 in
1301 2165 1464 2254 Joanem
1495 2161 1758 2238 Carnerarium
1786 2161 2013 2260 Dalburgum

420 2273 651 2375 Episcopum
674 2277 1057 2353 wormatiensem-
1082 2277 1145 2353 sol.
1169 2279 1254 2378 sign.
1279 2278 1357 2379 ipse
1381 2295 1617 2354 tractatua-
1639 2278 1686 2353 ad
1709 2279 1825 2354 finem
1848 2277 2013 2376 f01.398.
2111 2263 2115 2272 ¹

420 2389 577 2490 explicit
593 2411 690 2492 opu'a
712 2393 1060 2470 excellentissimum
1077 2395 1165 2469 inse
1182 2396 1381 2470 continens
1399 2395 1574 2470 omnium
1588 2396 1667 2468 sere
1685 2407 1883 2468 oratorum
1895 2449 1904 2478 ‚
1916 2393 2013 2468 Poe·

415 2521 554 2594 tarum
569 2507 844 2586 Historicorum
863 2537 907 2587 ac
926 2511 1249 2614 Philosophorum
1259 2511 1526 2587 Auctoritatea.
1544 2509 1769 2611 impressum
1786 2509 2016 2608 Argenuhae

414 2649 486 2723 per
504 2623 725 2701 industrium
744 2627 872 2704 virum
886 2629 1093 2704 Iohannem
1111 2631 1219 2717 Part,
1232 2629 1356 2705 civem
1364 2627 1678 2729 Argentinensem
1688 2628 1803 2702 Anno
1820 2627 1873 2700 M.
1884 2625 1932 2700 D.
1947 2628 2012 2699 lll.

417 2740 590 2840 Septimo
600 2742 688 2818 ldus
700 2743 949 2843 Septembris.
967 2747 1079 2824 Char.
1090 2747 1193 2846 goth.
1210 2747 1397 2823 cumLitt.
1407 2773 1524 2849 marg.
1542 2747 1620 2824 soll.
1637 2746 1720 2847 398.
1739 2745 1824 2847 ign.
1837 2745 1899 2820 lin.
1910 2751 1968 2834 4ο.
1979 2749 2011 2834 4.

609 2879 738 2937 remen·
752 2881 857 2937 Anum.
877 2883 1009 2959 Typogr.
1028 2885 1064 2940 T.
1071 2883 1100 2940 6.
1116 2903 1145 2958 p.
1156 2901 1202 2960 aq.
1219 2885 1257 2941 N.
1268 2901 1313 2958 27.

509 3075 633 3160 40.»
656 3071 739 3145 Hoc
768 3073 809 3146 rh
835 3073 1012 3147 volumine
1040 3072 1109 3145 hcc
1132 3072 1377 3146 continentur:
1391 3073 1585 3146 Laurentis
1599 3069 1778 3168 Veliensis
1795 3069 2010 3170 Elegantiae

409 3184 460 3263 de
487 3185 616 3286 lingua
633 3186 758 3264 latina.
782 3189 977 3263 Laurentii
1001 3183 1183 3284 Vallensis
1205 3187 1254 3262 de
1279 3188 1511 3288 pronomine
1529 3188 1584 3262 sui
1608 3187 1660 3260 ad
1683 3187 1891 3260 Johanasm
1925 3186 2010 3261 Tor·

409 3304 534 3376 telum
550 3303 744 3378 Laurentii
762 3303 941 3403 Vallensis
954 3305 1066 3380 Lima
1082 3305 1268 3406 quaedam
1279 3330 1350 3404 per
1366 3303 1566 3392 Antom’um
1575 3303 1837 3380 Manctnellum
1850 3341 1896 3356 -
1907 3300 2014 3376 Haec

412 3418 455 3492 in
472 3419 598 3508 fronte
617 3459 664 3476 -
686 3420 750 3496 sol.
775 3447 809 3496 a.
839 3422 1033 3496 Laurentii
1052 3419 1231 3520 Vallenfis
1248 3420 1475 3521 elegantiae,
1505 3417 1792 3521 compendiosae
1821 3417 2012 3492 collectio-

410 3533 490 3608 nis:
523 3535 563 3608 in
577 3535 750 3610 ordinem
770 3537 959 3638 alphabeti
981 3537 1145 3613 directae
1162 3537 1397 3638 principium
1412 3580 1460 3598 -
1478 3538 1542 3613 sol.
1566 3565 1597 3636 7.
1624 3538 1817 3612 Laurentii
1832 3530 2011 3630 Vallerfi's

409 3651 575 3752 Epistola
595 3693 642 3712 -
663 3652 799 3728 eodem
825 3654 889 3730 sol.
915 3655 950 3730 b.
972 3654 1068 3731 liber
1092 3655 1240 3755 primus
1258 3696 1309 3712 -
1324 3656 1390 3731 sol.
1416 3656 1554 3756 90.1in.
1575 3658 1633 3729 51.
1656 3651 1876 3754 impressum
1889 3653 2009 3725 Vene·

394 3755 474 3861 tiis
497 3794 569 3869 per
596 3768 890 3848 Boukolomm
915 3771 962 3848 de
992 3773 1115 3852 [aaa
1140 3772 1186 3848 de
1209 3771 1377 3848 Portesio
1402 3773 1517 3848 Anno
1546 3771 1691 3861 domini
1716 3769 1767 3844 M.
1777 3767 2008 3843 cccccnt.

407 3885 472 3962 tte
488 3873 625 3966 xuu.
639 3887 876 3964 neaman.
899 3889 1010 3964 enar.
1032 3889 1136 3989 goth.
1155 3888 1268 3967 litter.
1285 3889 1366 3966 nn.
1389 3888 1504 3965 inciso
1526 3889 1604 3967 fon
1620 3915 1678 3988 90.
1701 3887 1832 3962 tneo.
1858 3886 1901 3970 f„
1954 3889 1965 3898 ·

600 4025 730 4086 amere
744 4026 850 4083 amn.
868 4027 1001 4103 rypogr.
1018 4029 1053 4084 r.
1061 3993 1097 4085 a(
1109 4047 1138 4105 p.
1148 4027 1211 4087 aa.
1229 4027 1267 4085 n.
1280 4024 1341 4104 ηε.
1361 4030 1459 4085 natu.
1471 4031 1508 4084 n.
1525 4027 1626 4104 pne.

491 4216 562 4316 *⁴¹-
582 4251 626 4272 -·
648 4215 831 4290 Sermonis
854 4212 1092 4289 dissertissimi
1110 4229 1245 4289 contra
1262 4240 1417 4290 omnem
1438 4213 1572 4289 mundi
1593 4211 1815 4314 perversum
1829 4209 1998 4295 Statum.

407 4347 525 4432 qoem
549 4327 655 4403 Deua
674 4330 856 4428 gloriosus
878 4348 917 4408 et
932 4331 1078 4434 equitas
1098 4331 1278 4408 neutralia
1296 4331 1458 4408 damnat.
1477 4330 1629 4431 Egregii
1648 4323 1920 4405 etfamofilsimi
1938 4324 2005 4400 do·

355 4497 358 4502 ,
407 4443 503 4523 mini
524 4441 944 4551 Georgei'ldorgenſstern
962 4449 1008 4524 de
1025 4449 1471 4537 aeramentorum
1490 4447 1658 4523 doctoris
1671 4442 1921 4528 celeberrimi,
1939 4441 2006 4542 qui

403 4565 491 4665 jura
506 4562 687 4640 canonica
711 4561 751 4636 in
772 4567 962 4663 gymnasio
984 4567 1175 4668 Liptnensi
1195 4566 1357 4642 fideliter
1377 4566 1527 4655 docuit,
1565 4581 1604 4640 et
1629 4563 1791 4639 verbum
1813 4556 2006 4652 fructuose

407 4703 450 4756 ac
477 4679 711 4758 devotissime
742 4680 887 4779 populo
918 4682 1152 4779 predicavit:
1181 4683 1359 4758 omnibus
1384 4681 1600 4758 volentibus
1625 4679 1798 4755 divinum
1821 4675 2003 4750 seminare

406 4791 599 4899 perutiles.
616 4796 819 4898 Diligentia
834 4795 944 4872 studii
960 4796 1134 4900 indagine
1150 4799 1342 4901 registrat'i.
1366 4796 1627 4876 Correctionia
1643 4797 1735 4872 lima
1755 4792 1871 4870 etiam
1885 4813 2001 4891 quam

1123 5247 1134 5262 .

984 5378 1108 5411 ,f.·-'
1191 5358 1200 5369 Ι
1253 5379 1261 5387 “

960 5422 972 5439 Ι

820 5600 829 5617 Ι
