4706 5868
734 614 973 676 caratootts
999 613 1373 674 umatootttrfflctts
1400 617 1539 676 Mnxn.
1920 577 1964 686 fil

360 791 514 868 minusc.
533 793 573 866 in
591 745 797 868 comment.
814 793 948 892 glossae
969 819 1085 892 marg.
1107 793 1184 868 soll.
1200 795 1283 870 206.
1314 793 1400 894 sign.
1421 823 1478 869 ar.
1497 822 1578 869 non
1595 741 1721 893 ligni.
1752 795 1818 872 Ex
1835 799 1965 873 coller-

359 913 458 988 tione
476 910 713 984 Herbiziana.

557 1049 688 1106 Parueri
700 1047 806 1106 tanat.
825 1047 957 1125 Typogr.
975 1049 1010 1104 T.
1018 1069 1046 1124 7.
1064 1068 1093 1125 p.
1102 1047 1167 1124 567
1184 1049 1221 1105 N.
1230 1047 1293 1123 574
1311 1049 1414 1106 Mater.
1435 1049 1505 1106 Tm.
1525 1069 1554 1125 p.
1565 1052 1628 1108 230.

461 1237 539 1333 176.
555 1277 606 1294 -
630 1235 756 1332 Cursus
776 1237 912 1336 Logiri
932 1237 1309 1314 Commentariorum
1330 1241 1455 1312 nollra
1484 1239 1726 1313 Collectanea
1752 1278 1801 1294 -
1826 1238 1966 1338 insigne

308 1411 311 1418 .
361 1353 511 1428 Domus
531 1354 718 1430 saxoniae
739 1361 828 1442 c'um
842 1353 906 1429 sex
921 1353 1082 1429 distichis
1105 1355 1145 1429 in
1164 1355 1300 1430 fronte.
1317 1397 1368 1412 -
1391 1356 1454 1429 sol.
1478 1355 1614 1431 eodem
1640 1357 1675 1430 b.
1695 1355 1852 1430 Martini
1867 1355 1966 1431 Pon·-

360 1469 441 1544 cln'i
456 1471 622 1546 auctoris
636 1472 799 1572 Epistola
817 1471 864 1545 ad
879 1473 1097 1548 Electorem
1113 1473 1303 1562 Saxoniae
1318 1515 1368 1531 -
1386 1471 1620 1547 Tabulae-
1640 1471 1702 1546 sol.
1726 1501 1754 1548 r.
1777 1472 1874 1548 liber
1890 1473 1978 1575 pri!

362 1615 513 1663 mus-
529 1589 591 1663 fol.
616 1616 693 1662 122.
722 1589 786 1690 lin.
815 1589 899 1663 finio
920 1589 1141 1690 impressum
1157 1591 1287 1690 Liptzlr
1305 1617 1375 1692 per
1400 1591 1619 1666 llsz‘chaelem
1645 1589 1826 1664 Lottrrum
1851 1584 1980 1664 Aruro¹

362 1706 485 1808 salutis
503 1690 952 1808 Milles'quingentestmo
971 1706 1211 1783 duodecimo.
1237 1708 1426 1784 Vicellmo
1439 1733 1532 1784 vero
1541 1709 1719 1785 Februar.
1740 1709 1852 1784 Char.
1863 1710 1967 1807 goth.

363 1823 496 1900 minut.
515 1822 592 1899 soll.
611 1824 730 1898 trium
750 1823 961 1900 sectionum
979 1826 1125 1901 divisim
1145 1825 1232 1926 sign.
1258 1853 1336 1900 122.
1358 1825 1421 1900 lin.
1438 1827 1497 1900 66.
1519 1825 1542 1900 s.
1681 1911 1684 1918 ,

553 1985 682 2040 Panzeri
694 1983 799 2043 Annos.
819 1985 950 2060 Typogr.
971 1986 1005 2041 T.
1014 2005 1048 2058 7..
1056 2005 1085 2061 p.
1100 1985 1161 2060 175.
1180 1984 1220 2042 N.
1231 2001 1295 2059 371.

463 2199 541 2271 ¹77·
562 2215 611 2232 -
638 2172 894 2247 Wcabulanits
914 2201 1061 2273 gemma
1083 2195 1340 2274 gemmarum:
1363 2173 1451 2275 quia
1467 2199 1537 2272 per
1562 2173 1808 2248 insertionem
1829 2174 1968 2248 multo-

359 2315 449 2362 rum
457 2289 735 2364 vocabulorum
746 2291 969 2366 emendatus
983 2307 1021 2364 et
1035 2289 1122 2365 ideo
1133 2290 1272 2364 merito
1283 2317 1433 2390 gemma
1446 2278 1683 2389 gemmarum
1695 2292 1969 2392 appellatur.—

363 2405 468 2480 Haec
487 2407 527 2480 in
543 2407 670 2481 fronte
687 2408 800 2482 litter.
816 2407 1084 2506 rubro-nigris
1099 2407 1296 2508 limboque
1321 2406 1435 2481 inciso
1457 2422 1645 2481 contenta.
1673 2447 1719 2462 -
1747 2408 1808 2481 fol.
1835 2434 1913 2502 ¹7¹·
1932 2407 1970 2478 b.

368 2522 624 2596 Vocabulun'us
641 2549 792 2620 gemma
809 2549 1048 2622 gemmarum
1067 2524 1267 2622 diligenter
1282 2523 1423 2600 revisus
1442 2543 1479 2598 et
1495 2523 1687 2621 castigatus
1700 2548 1845 2622 perque
1857 2523 1967 2596 Ioan-

364 2665 445 2710 nem
456 2637 720 2738 Schonsperger
731 2639 770 2710 in
778 2639 939 2738 Augusta
955 2640 1051 2714 urbe
1061 2665 1105 2715 ac
1120 2639 1276 2715 aedibus
1286 2640 1359 2714 suis
1369 2641 1484 2713 Anno
1492 2639 1652 2714 Domini
1666 2639 1963 2742 MCCCCCXll.

366 2753 478 2828 Char.
498 2755 603 2855 goth.
620 2753 689 2828 litt.
708 2778 824 2866 marg.
843 2756 919 2830 soll.
944 2785 1023 2856 ¹7¹·
1042 2783 1122 2832 non
1138 2783 1242 2831 num.
1261 2755 1326 2832 lin.
1348 2758 1406 2848 43.
1425 2763 1459 2850 4.

555 2914 683 2970 Panzeri
696 2913 802 2970 Annei.
822 2916 954 2992 Typogr.
974 2916 1010 2971 T.
1029 2914 1056 2972 6.
1077 2935 1106 2992 p.
1128 2925 1189 2992 ²4⁰·
1206 2917 1246 2972 N.
1256 2915 1301 2972 60.
1322 2916 1410 2992 laps
1421 2915 1456 2974 Τ.
1466 2931 1493 2972 a.
1511 2936 1540 2992 p.
1549 2915 1594 2974 62.
1611 2917 1649 2974 N.
1664 2933 1704 2976 aa.

463 3103 541 3200 178.
560 3145 609 3162 --
626 3089 808 3203 Epistolae
818 3105 954 3179 Franci
965 3107 1003 3179 ci
1013 3103 1361 3208 Phr'lelpht'Equitis
1378 3105 1498 3182 aurati
1520 3105 1684 3180 oratoris
1701 3122 1814 3210 atque
1826 3106 1968 3181 Poetae

363 3219 520 3294 laureati
537 3219 745 3310 breviores,
771 3223 1021 3322 elegantiores
1039 3240 1109 3298 etc.
1129 3266 1169 3284 -
1197 3223 1325 3299 addita
1345 3239 1545 3323 praeterea
1561 3227 1609 3300 est
1628 3222 1834 3297 tabulaetc.
1855 3223 1970 3298 Prae·
2081 3239 2093 3254 '

244 3354 249 3365 '
337 3411 343 3418 ,
364 3352 468 3412 terea
485 3336 687 3414 familiares
702 3339 878 3439 epistolae
899 3338 1042 3440 Angeli
1054 3341 1243 3416 Policr'ani
1261 3339 1308 3414 ad
1326 3339 1440 3420 uiroo¹
1454 3339 1609 3414 illustres
1627 3355 1697 3417 etc.
1722 3379 1774 3403 -
1798 3341 1903 3414 Haec
1927 3337 1967 3412 in

363 3451 556 3530 fronte-
573 3455 636 3530 sol.
653 3457 712 3537 61.
740 3455 827 3554 sign.
855 3457 919 3530 lin.
938 3458 996 3555 39.
1023 3455 1242 3558 impressum
1271 3456 1498 3556 Argentr'nae
1525 3483 1594 3555 per
1618 3455 1814 3528 Martinam
1841 3453 1967 3529 nach.

364 3569 478 3644 Anno
494 3572 652 3647 Domini
672 3573 856 3649 Mileslmo
874 3573 1174 3674 quingentesimo
1192 3573 1431 3648 duodecimo.
1459 3571 1521 3644 sol.
1549 3569 1622 3672 seq.
1649 3563 1778 3668 infign.
1797 3569 1967 3672 Typogr.

367 3685 479 3763 Char.
499 3691 603 3790 goth.
622 3690 700 3763 soll.
716 3692 774 3763 61.
791 3690 877 3790 fign.
896 3690 935 3764 in
953 3707 1036 3766 toto
1055 3693 1113 3766 68.
1128 3691 1191 3765 lin.
1212 3698 1269 3779 4¹·
1288 3697 1322 3778 4.
1493 3675 1500 3692 ’

558 3847 686 3904 Panaeti
703 3849 808 3903 Annal.
828 3849 961 3924 Typogr.
978 3849 1013 3902 T.
1028 3866 1056 3924 9.
1072 3868 1101 3923 p.
1112 3850 1174 3924 359.
1194 3847 1231 3904 N.
1244 3849 1304 3920 243.
1324 3845 1353 3902 b.
1369 3843 1534 3902 conseratur
1551 3843 1643 3902 eant.
1662 3846 1721 3900 mei
1738 3845 1797 3902 vol.
1812 3865 1836 3902 ι.
1856 3865 1884 3902 n.
1907 3841 1968 3922 298.

466 4059 545 4130 ¹79·
561 4073 611 4090 -
633 4033 889 4108 Vocabularzits
907 4059 1058 4134 gemma
1073 4059 1312 4136 gemmarum
1324 4033 1390 4135 qui
1406 4062 1477 4135 per
1496 4032 1740 4108 insertionem
1761 4025 1973 4106 multorum

276 4179 282 4188 ·
301 4209 304 4214 ,
366 4149 641 4225 vocabulorum
662 4151 883 4226 emendatur
901 4158 959 4229 est.
985 4151 1072 4229 ideo
1090 4153 1229 4228 merito
1247 4175 1398 4249 gemma
1423 4174 1661 4250 gemmarum
1680 4149 1904 4249 appellatur.
1922 4192 1970 4209 —

366 4266 470 4342 llaec
487 4267 526 4342 in
543 4267 669 4344 fronte
687 4311 737 4326 -
755 4269 818 4344 sol.
839 4271 922 4346 eod.
942 4271 976 4343 b.
996 4271 1182 4370 Prologus
1199 4312 1249 4328 —
1265 4269 1331 4342 sol.
1351 4271 1429 4342 151.
1447 4267 1510 4340 lin.
1525 4269 1583 4343 23.
1594 4267 1859 4344 vocabulariua
1870 4293 1972 4367 gem·
2019 4267 2021 4274 '

366 4411 429 4458 rna
445 4411 684 4483 gemmarum
702 4387 902 4487 diligenter
919 4388 1060 4464 revisus
1079 4405 1119 4464 et
1136 4388 1329 4486 castigatur
1347 4379 1620 4485 impressu'rque
1636 4384 1676 4458 in
1694 4385 1882 4484 imperiali
1900 4413 1970 4487 op-

366 4501 458 4600 pido
473 4504 662 4601 Hageoaw
680 4531 749 4604 per
767 4504 988 4578 industrium
1007 4506 1202 4580 Henrr'cum
1221 4505 1320 4576 Gran
1338 4503 1432 4578 inibi
1452 4502 1617 4578 incolam
1632 4501 1809 4603 impenste
1820 4519 1860 4578 et
1870 4501 1968 4580 sum-

368 4618 497 4718 ptibur
511 4617 772 4721 circumspecti
794 4621 867 4698 viri
885 4623 1222 4722 arrlribibliopolae
1239 4622 1391 4696 loannis
1406 4621 1603 4722 Hyomann
1624 4619 1670 4698 de
1694 4622 1863 4718 Grz'ngw
1879 4607 1970 4694 vsinit

368 4735 539 4814 feliciter.
559 4739 675 4814 Anno
695 4740 789 4838 rirg.
809 4755 904 4838 part.
923 4741 1091 4816 MDXll.
1112 4740 1153 4814 in
1177 4740 1241 4816 die
1268 4739 1438 4836 Gregorii
1449 4765 1569 4838 papae
1592 4753 1630 4815 et
1651 4737 1880 4816 confessoris.
1899 4737 1968 4812 Se·
