4636 5878
402 615 476 699 240
904 611 1073 680 INDEX
1106 609 1512 679 sYs'aEnaA'r'tctJS.
1609 622 1612 630 ’

324 809 327 814 “
405 804 600 868 Decretales
624 823 694 865 cum
717 801 994 867 lucubrationibus
1019 799 1122 864 Clarii
1137 799 1321 862 Brixienfis.
1342 795 1492 860 Venetiis
1508 793 1598 857 1501.
1615 795 1642 854 f.
1666 792 1816 880 Lugduni
1837 793 1929 859 1506.
1949 791 2011 854 l’a-

502 908 581 968 risiis
604 909 692 968 1511.
716 921 747 986 4.

405 1012 583 1072 Decretum
600 1009 640 1071 de
661 1011 771 1073 Tortis
788 1029 847 1095 per
863 1006 1064 1071 bartholom.
1080 1004 1291 1069 Brixienlem.
1314 990 1474 1065 Venetiis'
1486 1003 1578 1064 1501.
1601 1002 1627 1062 l.

405 1113 636 1177 Defensorium
653 1111 902 1198 privilegiorum
916 1111 1035 1192 jurium
1051 1112 1187 1172 fratrum
1205 1108 1354 1173 ordinum
1373 1105 1636 1170 mendicantium.
1655 1102 1690 1165 S.
1708 1104 1745 1165 L.
1763 1116 1797 1165 et
1814 1099 1856 1162 A.
1871 1115 1904 1179 4.

403 1217 430 1276 F
432 1215 637 1278 ormularium
654 1215 943 1278 instrumentorum.
962 1214 1190 1275 Romae1516.
1208 1228 1239 1293 4.

403 1318 561 1379 Friderici
578 1319 789 1406 Imperatoris
807 1317 982 1404 privilegia
998 1330 1032 1377 et
1047 1317 1264 1378 immunitates
1280 1315 1482 1378 clericorum.
1500 1312 1624 1398 Lipliae
1644 1323 1735 1394 1494.
1753 1321 1796 1387 4.

406 1423 551 1484 Gratiani
570 1421 734 1484 decretum
751 1441 894 1484 aureum.
912 1419 1036 1481 Parisiis
1058 1421 1148 1481 1512.
1164 1421 1189 1479 f.

424 1559 468 1576 ·-
509 1561 551 1574 --
571 1527 731 1589 Divinum
749 1545 833 1611 opus
849 1546 908 1610 per
925 1522 1190 1584 Bartholomeusn
1208 1519 1416 1582 Brixienlem.
1434 1518 1583 1580 Venetiis
1603 1515 1695 1578 1501.
1716 1517 1741 1576 l.
1788 1535 1790 1542 ’
1849 1509 1851 1512 ’

408 1626 613 1690 Guilhermus
632 1628 752 1714 (Epilc.
768 1626 878 1704 Paris.)
900 1625 940 1688 de
961 1624 1189 1688 collationibus
1209 1636 1243 1685 et
1257 1615 1444 1708 pluralitate
1460 1620 1691 1683 beneficiorum
1710 1615 1875 1681 ecclesiast.
1884 1613 2009 1700 Argen·

503 1731 590 1791 tinae
613 1733 703 1814 1507.
722 1744 754 1810 4.
1268 1731 1270 1736 ⁴

404 1832 562 1908 Roelneri
577 1833 617 1895 de
634 1833 779 1897 Vanckel
792 1833 992 1894 summarium
1010 1831 1283 1893 clementinamrn.
1301 1827 1460 1891 Coloniae
1481 1828 1572 1908 ι484.
1590 1829 1616 1890 f.

405 1935 550 1998 Praetioa
568 1936 764 2000 electionum
778 1935 1007 2022 praelatorum.
1026 1934 1060 1996 S.
1080 1935 1117 1995 L.
1135 1948 1169 1996 et
1185 1932 1227 1994 A.
1245 1946 1276 2012 4.
1294 1921 1339 1994 N.
1357 1930 1430 1993 688.

406 2039 585 2102 Ravenatis
604 2039 719 2116 (Petri)
741 2059 836 2101 aurea
854 2035 1017 2125 opuscula.
1039 2035 1185 2099 Etfordii
1206 2037 1298 2099 1503.
1316 2048 1348 2111 4.
1675 2115 1676 2118 ¹

407 2140 579 2204 nesotutio
596 2141 778 2203 lutherianae
798 2140 837 2203 de
857 2138 1015 2226 potestate
1031 2159 1148 2226 papae.
1165 2139 1289 2226 lipsiae
1308 2151 1341 2198 et
1359 2136 1444 2223 Aug.
1465 2141 1555 2218 1519.
1572 2149 1605 2214 4.

405 2244 567 2306 Rubricae
585 2243 650 2306 live
665 2243 754 2304 tituli
769 2246 849 2325 juris
868 2243 1015 2304 canonici
1032 2257 1065 2304 et
1083 2241 1200 2303 civilis.
1220 2241 1254 2302 S.
1264 2240 1301 2302 L:
1313 2254 1346 2302 et
1356 2241 1395 2302 A.
1418 2242 1449 2301 8.
1466 2238 1511 2300 Ν.
1532 2242 1603 2321 689.

406 2345 577 2410 Schenerli
596 2331 741 2423 (Chiili.)
758 2343 888 2408 libellus
914 2344 955 2406 de
971 2344 1172 2408 sacerdotum
1194 2365 1236 2426 ac
1252 2364 1365 2406 'rerum
1384 2341 1658 2406 ecclellasticarum
1676 2339 1877 2428 praestantia.
1901 2341 2010 2427 Hage-
2127 2417 2130 2422 ,

501 2470 579 2513 nov.
600 2449 691 2528 1514.
712 2463 744 2529 4.

404 2553 523 2616 Sextus
539 2553 622 2615 liber
639 2541 847 2615 decretalium
867 2573 938 2616 cum
955 2551 1167 2614 clementinis.
1188 2550 1311 2612 Pariliis
1332 2550 1422 2612 1505.
1444 2551 1471 2612 f.

406 2659 517 2718 Taxae
539 2653 757 2717 Cancellariae
776 2655 982 2741 apostolicae.
1004 2657 1129 2717 Romae
1149 2654 1239 2716 1508.
1262 2666 1294 2733 4.

401 2759 573 2820 Tractatus
589 2758 681 2820 utilis
699 2757 739 2820 de
754 2757 1003 2820 luccellionibus
1022 2759 1061 2820 ab
1080 2756 1240 2820 intestato.
1264 2755 1388 2842 Lipfiae
1407 2737 1502 2838 i494.
1524 2768 1556 2836 4.

406 2859 474 2922 Vio
493 2858 654 2934 (Thomae
672 2859 726 2937 de)
744 2873 838 2923 tract.
856 2860 896 2922 de
913 2864 1156 2948 comparatione
1172 2859 1376 2924 auctoritatis
1384 2879 1489 2947 papae
1509 2872 1543 2921 et
1559 2857 1703 2922 concilii.
1723 2853 1843 2922 Colon.
1863 2860 1963 2923 1512..
1975 2872 2007 2938 4.

1042 3147 1135 3211 JUS
1167 3145 1369 3210 CIVILE.

405 3352 566 3415 Amanelli
584 3349 625 3414 de
641 3351 734 3415 claris
753 3352 844 3437 aqui's'
861 3352 947 3416 casus
966 3352 1132 3441 speciales.
1149 3355 1230 3417 aa..
1248 3369 1282 3416 et
1290 3353 1331 3416 A.

403 3455 529 3519 Bastuli
543 3454 637 3517 Baldi
654 3469 765 3518 textus
783 3470 817 3517 et
836 3455 955 3540 glolIae
968 3459 1048 3538 juris
1063 3458 1170 3522 civilis
1188 3458 1221 3521 S.
1239 3461 1277 3520 L.
1297 3471 1330 3520 et
1348 3455 1390 3519 A.
1408 3491 1439 3510 ι·-
1456 3457 1627 3546 Repetitio
1647 3458 1684 3520 L.
1705 3479 1732 3518 ι.
1750 3454 1823 3518 cod.
1844 3455 1883 3518 de
1900 3453 2006 3543 digni·

498 3572 578 3620 tate.
600 3557 645 3619 N.
656 3557 729 3621 613.
745 3593 776 3612 -
792 3559 898 3622 Tract.
919 3560 959 3622 de
974 3561 1101 3645 inlignis
1129 3575 1164 3624 et
1177 3565 1286 3624 armis.
1300 3561 1345 3624 N.
1371 3563 1444 3624 615.
1455 3596 1487 3614 ··
1504 3560 1544 3624 de
1560 3559 1730 3624 nobilitate
1747 3559 1792 3622 N.
1809 3561 1881 3623 aaa.
1892 3594 1922 3614 ι·
1940 3562 2006 3622 ntis

498 3660 546 3723 les
564 3675 597 3723 et
615 3660 767 3724 solatiosi.
790 3662 915 3748 Lipfiae
937 3665 1027 3744 1493.
1049 3677 1081 3742 4.

407 3762 482 3827 Biel
504 3763 633 3840 (Gabr.)
650 3765 757 3826 Tract.
774 3762 815 3825 de
830 3764 988 3850 potestate
1002 3780 1036 3828 et
1052 3766 1194 3830 utilitate
1207 3781 1421 3830 monetarum.
1443 3779 1476 3846 4.

404 3865 502 3929 Casus
521 3866 676 3954 speciales
691 3866 724 3927 in
738 3880 880 3952 utroque
893 3870 977 3950 jure.
999 3868 1032 3930 8.
1271 3928 1275 3936 .

405 3971 636 4054 Expofitiones
652 3971 718 4032 live
734 3966 970 4032 declarationes
987 3971 1129 4034 omnium
1154 3971 1323 4038 titulorum
1343 3970 1507 4059 legalium.
1524 3971 1618 4036 Balll.
1639 3989 1728 4058 1490.
1753 3989 1783 4054 4.

403 4069 516 4134 Floret
530 4071 637 4157 legum
652 4073 733 4153 juris
750 4071 868 4136 civilis.
892 4069 1054 4136 Coloniae
1076 4075 1168 4158 1507.
1188 4075 1221 4138 8.

400 4171 621 4246 Inliitutiones
637 4173 832 4261 imperiales.
857 4177 947 4254 1514.
969 4176 996 4236 f.

401 4272 558 4336 Koelneri
575 4274 616 4338 de
632 4276 778 4343 Vanclsel
798 4275 945 4355 (Josnn.)
963 4275 1165 4342 summarium
1180 4281 1327 4344 textuale
1344 4295 1377 4344 et
1394 4281 1628 4348 concluliones.
1653 4281 1812 4349 Coloniae
1824 4283 1916 4364 1465.
1937 4285 1963 4346 i.

283 4467 287 4472 .
402 4373 548 4436 Libellus
565 4376 640 4441 dans
654 4378 787 4442 modurn
801 4379 933 4466 legendi
949 4381 1188 4446 abbreviaturas
1203 4386 1237 4446 in
1254 4397 1393 4471 utroque
1405 4387 1487 4468 jure.
1503 4386 1536 4450 S.
1548 4387 1586 4448 L.
1596 4399 1629 4446 et
1637 4385 1677 4448 A.
1700 4385 1732 4449 8.

328 4549 337 4570 .
400 4476 572 4542 Mosheim
590 4479 751 4554 (landbert
769 4482 801 4558 lt)
821 4483 1008 4569 opusculum
1024 4484 1064 4546 de
1082 4485 1326 4552 conservatione
1345 4503 1379 4551 et
1397 4509 1472 4552 cura
1489 4509 1614 4551 canum.
1635 4487 1781 4551 Viennae
1802 4489 1947 4568 ι585.·4.
2081 4505 2088 4527 ·

402 4579 570 4666 Regula,
590 4580 812 4646 ordinationes
834 4605 871 4648 ac
886 4586 1130 4652 constitutiones
1148 4589 1357 4654 cancellariae
1381 4591 1588 4678 apostolicae.
1603 4591 1730 4655 Romae
1751 4593 1843 4656 1515.
1865 4611 1898 4672 4.
1977 4623 1982 4634 ·

401 4684 657 4766 Rubricaejuris
676 4682 782 4745 civilis
800 4700 863 4750 etc.
881 4689 915 4750 S.
924 4691 962 4752 L.
979 4705 1013 4753 et
1027 4693 1068 4754 A.
1087 4683 1186 4754 8.N.
1206 4693 1277 4775 689.

404 4789 531 4852 Textus
549 4801 584 4860 et
601 4783 824 4854 Clementinae
843 4789 884 4856 de
900 4793 1013 4860 Tortis
1028 4795 1225 4878 Hieronymi
1242 4794 1342 4864 Clarii
1358 4797 1541 4864 Brisiensrs.
1566 4765 1713 4876 venetiis
1729 4799 1819 4872 1502.
1841 4800 1868 4862 f.
1984 4855 1989 4864 .
