4706 5868
772 628 1013 692 clmootts
1039 625 1415 687 ntnuoottaefflcus
1441 629 1594 689 MDXVI.
1926 646 1972 720 97

359 816 459 913 sr‘um
476 816 589 911 longe
608 809 824 908 diligentius
841 806 1025 908 repositae
1047 807 1267 908 majoreque
1294 805 1487 906 diligentia
1511 807 1702 906 castigatae
1728 835 1818 886 curn
1843 793 1975 916 copio-

368 931 463 1006 fiore
482 929 709 1028 verioreque
729 925 873 1011 indice;
894 949 1064 998 necnon
1086 949 1175 998 cum
1193 923 1349 996 Aemilii
1363 923 1478 998 Probi
1487 928 1569 998 eriri
1576 953 1588 1010 ;
1613 952 1798 1002 unacum
1821 929 1973 1030 figuris:

364 1046 438 1123 suis
453 1046 546 1122 locis
565 1061 653 1145 apte
670 1041 851 1144 dispositis
873 1083 914 1100 -
934 1041 1078 1140 Insigne
1099 1040 1270 1139 Typogr.
1291 1041 1344 1128 M.
1373 1042 1410 1114 S.
1431 1083 1474 1098 -·
1501 1042 1665 1117 Haecin
1690 1045 1827 1123 fronte.
1846 1091 1897 1108 —
1911 1051 1975 1124 Jo-

370 1168 455 1240 doci
477 1165 595 1238 Budr'i
609 1161 771 1260 Epistola
786 1159 833 1234 ad
855 1159 1108 1232 Alexandrum
1125 1157 1355 1256 Monenszitm
1377 1175 1445 1233 etc.
1471 1159 1619 1235 Tabula
1639 1163 1901 1262 Alphabetica.
1924 1205 1974 1225 -·

370 1282 435 1356 sol.
458 1310 487 1355 1.
508 1281 587 1354 vita
611 1275 799 1374 Thesei-
819 1275 883 1349 fol.
904 1275 987 1348 360.
1009 1275 1044 1348 b.
1063 1274 1126 1348 lin.
1145 1273 1204 1347 30.
1222 1319 1268 1334 -
1296 1275 1424 1350 Habes
1440 1277 1502 1350 hic
1519 1278 1637 1353 lector
1656 1281 1813 1356 sludiose
1830 1299 1899 1360 etc.
1922 1321 1974 1346 ..-

367 1398 564 1473 illustrium
582 1397 755 1469 virorum
771 1395 867 1468 vitas
886 1433 931 1447 -
951 1389 1167 1492 recognitus
1186 1391 1458 1493 impressusque
1483 1395 1640 1468 Venetri's
1659 1397 1886 1476 exactissima
1908 1427 1974 1475 cu·

367 1541 411 1589 ra
440 1541 510 1614 per
540 1512 775 1587 Melchmrem
809 1508 945 1606 Sessum
983 1523 1022 1582 et
1058 1506 1201 1580 Petrum
1237 1508 1283 1584 de
1314 1510 1480 1584 liuvanis
1502 1509 1631 1586 'socios
1662 1514 1778 1589 Anno
1811 1518 1972 1594 Domini

366 1629 709 1706 Mocccoxvl.
738 1626 799 1700 die
826 1625 974 1699 XXVI.
998 1625 1240 1700 Novembris.
1271 1625 1409 1724 inslgne
1438 1642 1589 1727 typogr.
1622 1630 1675 1704 M.
1704 1632 1741 1706 8.
1771 1633 1881 1708 Char.
1909 1636 1971 1710 lat.

365 1748 442 1822 soll.
461 1747 543 1822 360.
565 1746 651 1845 fign.
668 1747 725 1820 26.
743 1743 817 1818 sine
832 1767 1006 1817 numero.
1031 1741 1192 1842 Figurae
1210 1744 1424 1844 permultae
1452 1744 1522 1820 litt.
1548 1744 1679 1822 initias.
1707 1748 1851 1827 incisae.
1872 1749 1972 1852 gloss.

366 1892 482 1966 marg.
514 1865 577 1940 lin.
596 1866 652 1963 59.
678 1862 703 1937 f.
803 1927 807 1936 .

555 1999 788 2080 Splendidissima
807 1999 880 2054 haec
905 1995 995 2052 editio
1013 1997 1046 2052 in
1069 1995 1152 2054 nulla
1168 1999 1318 2056 annalium
1344 1999 1601 2079 Typogrephicor.
1625 2005 1785 2062 recensione
1809 2007 1973 2084 reperitur,

658 2110 716 2169 quo
731 2093 798 2150 casu
814 2090 931 2156 omissa,
948 2091 1054 2147 nescio.

460 2263 543 2337 282.
561 2303 610 2322 -
627 2263 793 2336 Practz'ca
810 2260 850 2334 in
872 2260 1057 2358 chirurgia
1078 2299 1124 2313 -
1149 2257 1289 2358 infigne
1307 2286 1396 2334 cum
1411 2260 1655 2363 inscriptione
1686 2267 1893 2342 Wizcentries
1923 2269 1971 2348 de

364 2380 598 2458 Pontonariis
622 2379 768 2452 Tridino
788 2379 835 2452 de
849 2395 968 2452 monte
984 2379 1193 2450 Ferrato-
1213 2376 1312 2450 infra
1330 2377 1501 2452 Praetica
1519 2379 1560 2452 in
1574 2395 1655 2455 arte
1672 2382 1887 2482 chirurgica
1907 2411 1970 2458 co-

362 2497 468 2598 piosa
493 2499 646 2570 Ioanmk
662 2497 708 2570 de
731 2499 820 2595 Vigo
836 2496 934 2569 Julii
946 2493 995 2568 ΙΙ.
1019 2492 1156 2568 Pontii.
1179 2495 1280 2568 Max.
1307 2495 1506 2568 continens
1531 2521 1674 2572 novem
1694 2498 1812 2575 libros
1833 2516 1902 2576 etc.
1920 2545 1971 2564 -

362 2642 451 2690 curn
465 2614 681 2712 Privilegio.
700 2652 746 2670 -·
761 2614 865 2687 Haec
884 2612 923 2684 in
942 2611 1069 2686 fronte
1091 2655 1136 2668 -
1157 2609 1220 2685 sol.
1247 2611 1325 2709 196.
1344 2611 1407 2685 lin.
1426 2617 1484 2701 44.
1500 2612 1675 2712 praesens
1697 2641 1795 2716 opus
1808 2615 1965 2720 impres·
2054 2601 2057 2614 ⁸

359 2731 443 2808 sum
468 2731 541 2805 suit
559 2731 734 2829 Lugduni
752 2730 793 2802 in
821 2728 978 2804 aedibus
1007 2729 1080 2803 Iac.
1104 2729 1192 2828 Myr.
1213 2728 1465 2829 Calcographi
1482 2773 1531 2788 -·
1551 2729 1762 2830 sumptibus
1790 2736 1972 2812 Vr'nceutri'

361 2849 587 2924 Portonariis
611 2849 725 2922 Anno
741 2846 946 2946 aVirginis
963 2863 1076 2948 partu
1096 2847 1149 2919 M.
1165 2847 1213 2919 D.
1233 2845 1381 2921 decimo
1402 2846 1517 2922 sexto.
1543 2846 1604 2922 die
1624 2874 1718 2924 vero
1737 2851 1871 2928 mensis
1894 2855 1968 2932 Oc·

361 2966 493 3042 tobrie.
514 2965 626 3041 Char.
647 2965 750 3065 goth.
769 2964 903 3042 minut.
929 2964 1101 3062 soll.193.
1121 2963 1206 3062 fign.
1224 2963 1263 3038 in
1285 2980 1368 3039 roto
1396 2966 1473 3064 196.
1493 2965 1557 3040 lin.
1576 2967 1633 3056 54.
1649 2973 1684 3058 4.

552 3101 656 3160 Editio
673 3101 764 3158 rariff.
780 3099 943 3178 haeredum
959 3119 1020 3158 non
1036 3101 1179 3158 recensita.

1030 3269 1083 3342 M.
1109 3269 1157 3343 D.
1186 3270 1310 3358 XVII.

454 3409 535 3482 283.
553 3450 602 3467 --
619 3409 780 3482 Luczimi
792 3405 976 3493 Piscator,
992 3405 1056 3479 seu
1074 3406 1350 3484 reviviscentes.
1369 3407 1558 3482 Bilibaldo
1570 3409 1858 3511 Birclhcymeru,
1876 3415 1969 3492 Cae·

359 3526 463 3602 sareo
483 3525 729 3612 consiliario,
759 3525 924 3609 Patricio
950 3549 993 3596 ac
1020 3523 1224 3610 senatore,
1250 3523 1541 3624 Nurenbergeusi
1562 3526 1773 3628 interprete
1789 3571 1839 3588 -
1856 3532 1966 3605 Erite·

357 3646 436 3718 dem
456 3642 621 3743 Epistola
641 3641 894 3742 Apologetica
911 3640 1096 3712 Pmdams
1114 3657 1183 3713 etc.
1205 3681 1247 3696 -
1263 3641 1368 3715 Haec
1385 3641 1425 3714 iu
1439 3641 1565 3716 fronte
1585 3642 1704 3716 limbo
1722 3644 1963 3724 circumdata.

355 3761 420 3836 sol.
438 3759 520 3836 eod.
542 3759 576 3834 b.
601 3759 789 3834 Bilibaldz'
802 3757 1077 3856 Birclheymerz'
1088 3757 1252 3856 Epistola
1267 3757 1313 3832 ad
1323 3759 1557 3832 Laurentium
1568 3756 1738 3860 Beheym.
1758 3803 1808 3843 -,·
1829 3764 1891 3839 fol.
1907 3771 1964 3842 25,

254 3863 262 3874 ¹
358 3877 394 3950 b.
413 3877 477 3948 lin.
492 3903 546 3948 ιι.
565 3873 784 3974 impressum
800 3898 870 3972 per
891 3873 1108 3946 Fridcn'cum
1123 3873 1265 3972 Peypus
1272 3873 1528 3972 Nurenbergue
1547 3874 1651 3951 sexto
1664 3879 1794 3953 Nonas
1805 3880 1964 3958 Octobr.

348 3993 464 4066 Anno
486 3990 612 4066 salutis
630 3990 738 4064 M.D.
753 3989 874 4062 XVll.
894 3989 1006 4063 Char.
1028 3990 1088 4064 lat.
1112 3991 1242 4089 grand.
1266 3991 1401 4090 glossae
1430 4011 1549 4091 marg.
1578 3993 1654 4069 soll.
1681 3998 1738 4070 25.
1768 4023 1849 4072 non
1876 3999 1962 4101 sign.
2022 4031 2030 4044 ·

344 4109 417 4184 lin.
438 4109 495 4184 33.
517 4115 551 4198 κί’.

546 4247 676 4303 Pauzerr'
693 4245 799 4302 Annal.
815 4247 948 4322 Typogr.
967 4247 1000 4302 Τ.
1009 4267 1036 4320 7.
1055 4241 1157 4322 p.459.
1177 4246 1215 4304 N.
1227 4247 1288 4310 133.
1306 4247 1409 4304 Maste.
1429 4247 1465 4303 T.
1476 4261 1501 4304 2.
1520 4267 1548 4324 p.
1560 4249 1626 4304 ὅσα·

448 4415 766 4512 284.-Desiderii
780 4414 1170 4511 Erasmilioterodami
1183 4415 1228 4488 de
1241 4415 1383 4514 duplici
1404 4415 1514 4515 copia
1531 4418 1740 4496 verborum
1766 4447 1809 4496 ac
1828 4449 1960 4499 rerum

351 4533 627 4608 Commentarii
638 4533 914 4630 duo—Erasmi
929 4531 975 4606 de
987 4531 1133 4606 ratione
1151 4530 1268 4617 studii,
1282 4531 1445 4634 denique
1457 4534 1586 4633 pueris
1602 4536 1833 4614 inslituendis
1845 4541 1961 4618 Com·

352 4651 614 4736 mentariolus,
634 4651 681 4724 ad
691 4650 835 4722 Petrum
852 4649 1019 4722 Vz'tcre'um
1044 4650 1206 4724 Gallum.
1216 4648 1406 4746 -Erasmz'
1421 4617 1467 4726 de
1486 4653 1659 4730 laudibus
1682 4656 1881 4745 litterariae,
1904 4661 1958 4734 so-

353 4767 509 4855 cietatis,
523 4767 779 4870 Reipublicae,
790 4795 832 4868 ac
843 4766 1125 4868 magistratuum
1139 4766 1245 4843 urbis
1254 4769 1491 4866 Argentum,
1508 4771 1670 4870 Epistola
1679 4774 1791 4874 plane
1800 4773 1961 4854 Erasmi-

322 4995 327 5002 ,
459 4905 550 4983 Vols.
570 4905 622 4986 II.
839 4906 842 4912 ’
1541 4909 1577 4981 Ν
