4696 5860
754 617 993 680 carnosus
1021 619 1404 680 ommoottltrtsscus
1432 620 1523 678 Mor.
1924 625 1943 698 7

351 796 541 870 bricarum
560 795 908 870 continuationibus
921 839 967 858 -
984 798 1088 872 Haec
1111 798 1150 870 in
1169 799 1355 872 fronte-
1373 796 1436 869 fol.
1459 825 1486 870 ι.
1506 794 1593 895 figo.
1606 835 1651 854 -
1671 795 1733 868 fot.
1747 822 1780 868 a.
1800 795 1834 868 b.
1854 795 1943 896 legi}

287 995 298 1018 ς
349 928 430 986 tur:
451 912 709 986 Decretalium
735 912 833 984 hanc
854 914 1130 1010 Gregorianam
1149 911 1460 1012 compilationem
1475 911 1644 984 Candide
1665 911 1808 984 Lector
1828 912 1945 986 habes
1986 1005 1991 1014 υ

305 1069 310 1074 -
350 1027 565 1102 illustratam
585 1026 910 1102 lucubrationibus
932 1028 1119 1103 clarillimi
1135 1030 1334 1129 utriusque
1350 1027 1444 1126 juris
1464 1026 1630 1100 doctoris
1649 1027 1792 1100 domini
1811 1029 1948 1102 Hiero-

349 1144 458 1241 nymi
484 1145 604 1215 Clarii
617 1143 733 1215 Bria:
751 1167 838 1215 cum
858 1143 1084 1242 quibusdam
1102 1145 1366 1220 additamentis
1385 1142 1458 1218 luis
1471 1159 1625 1243 praeter
1644 1143 1948 1218 emendationem

352 1273 421 1332 etc.
434 1301 479 1316 —
499 1259 539 1333 in
555 1259 628 1333 line
655 1259 717 1332 fot.
747 1258 828 1331 303.
845 1259 899 1332 lin
924 1263 980 1350 54.
1013 1263 1170 1336 l'enetrilr
1189 1289 1260 1360 per
1278 1260 1478 1359 Baptistam
1501 1260 1546 1333 de
1571 1261 1687 1334 Tortr‘s
1706 1257 1945 1335 Mee'ccct

356 1374 417 1448 die
435 1375 583 1450 XXlll.
607 1375 698 1448 Julii
717 1376 781 1449 fol.
813 1377 950 1452 eodem
968 1376 1003 1451 b.
1026 1378 1166 1478 inllgne
1189 1376 1441 1477 Typographi
1466 1377 1511 1449 B.
1539 1377 1575 1450 T.
1597 1377 1708 1450 Char.
1732 1376 1835 1474 goth.
1861 1401 1949 1449 cum
2013 1441 2015 1448 .

285 1501 288 1508 ⁴
352 1491 476 1590 glollis
494 1491 771 1590 marginalibus.
798 1495 891 1569 Foll.
916 1493 1000 1568 303.
1022 1521 1102 1569 non
1123 1496 1208 1594 figo.
1238 1495 1300 1568 lin.
1324 1521 1381 1567 21.
1405 1493 1467 1566 fol.
1485 1493 1622 1567 ultimo
1642 1491 1681 1566 in
1700 1509 1808 1567 textu
1824 1493 1882 1566 81.
1910 1491 1950 1564 in

355 1608 486 1706 gloll'is.
507 1610 531 1684 l.
552 1611 643 1708 Reg.
972 1695 975 1702 ¹

482 1713 485 1720 Ι
542 1749 608 1803 Hoc
624 1737 768 1806 Volumen
794 1751 944 1804 Panzerus
965 1751 998 1805 iu
1022 1749 1128 1806 Annnl.
1152 1751 1284 1826 Typogr.
1309 1749 1343 1804 T.
1355 1743 1381 1805 8.
1413 1768 1440 1823 p.
1455 1727 1522 1804 ¹533.
1544 1748 1582 1804 N.
1599 1765 1626 1823 9.
1650 1763 1787 1822 tauquam
1806 1765 1950 1805 annexum

640 1841 751 1913 prioris
768 1841 933 1908 confideret.

450 2008 504 2081 16.
515 2051 559 2066 -
578 2010 730 2108 Georgii
747 2011 876 2086 Vallae
891 2009 1099 2086 Placentini
1112 2010 1185 2086 viri
1203 2007 1329 2086 clarill.
1341 2005 1386 2084 de
1398 2008 1685 2110 expetendis„et
1693 2006 1880 2108 fugiendis
1890 2032 1950 2082 re·

354 2123 424 2194 bus
442 2149 557 2222 opus,
574 2122 613 2196 in
623 2143 701 2225 quo
718 2125 812 2201 haec
829 2127 1143 2202 continentur-
1158 2129 1220 2201 De
1235 2128 1487 2203 Arithmetica
1503 2127 1589 2201 libri
1607 2129 1669 2199 lll.
1688 2125 1752 2199 ubi
1766 2124 1952 2226 quaedam

357 2265 377 2312 a
394 2239 522 2311 Boettb
542 2242 799 2339 praetermilla
819 2259 1038 2318 tractantur.
1051 2283 1097 2299 -·
1114 2244 1175 2317 De
1193 2244 1334 2318 Mufica
1350 2243 1485 2317 libriV.
1512 2243 1589 2317 Sed
1604 2243 1731 2342 primo
1752 2243 1798 2316 de
1818 2243 1951 2314 iuven·

355 2354 480 2441 tione,
497 2369 535 2428 et
552 2359 822 2434 commoditate
844 2361 935 2434 eius.
953 2399 1001 2416 -
1018 2360 1077 2432 De
1097 2361 1319 2434 Geometria
1337 2361 1423 2433 libri
1445 2363 1510 2432 Vl.
1532 2359 1572 2432 in
1591 2358 1729 2458 quibus
1745 2359 1952 2431 elemento·

353 2495 440 2544 rum
460 2473 625 2547 Euclides
644 2475 886 2550 difficultates
912 2501 1045 2550 omnes
1060 2476 1139 2549 fere
1160 2490 1416 2574 exponuntur,
1433 2474 1499 2546 ubi
1520 2473 1636 2547 etiam
1657 2473 1703 2546 de
1720 2470 1953 2546 Mechanicis

351 2585 601 2684 spiritalibus,
620 2591 837 2690 catopricis,
860 2617 902 2665 ac
927 2590 1083 2690 opticis,
1109 2592 1232 2689 deque
1260 2591 1444 2690 quadrato
1470 2588 1601 2662 circuli
1628 2587 1790 2660 habetur
1816 2600 1952 2660 tracta·

352 2717 480 2774 tus-
504 2705 565 2776 De
581 2720 662 2777 tota
678 2707 891 2804 Astrologia
905 2706 990 2779 libri
1016 2711 1097 2781 llll.
1120 2707 1159 2780 in
1180 2735 1255 2808 qua
1272 2707 1431 2792 fabrica,
1451 2705 1616 2804 ususque
1635 2704 1805 2778 allrolabi
1823 2729 1952 2778 exara·
1984 2697 1989 2708 ⁹

350 2834 432 2900 tur;
445 2834 483 2892 et
494 2845 590 2918 quae
608 2820 798 2918 fignorum
815 2823 852 2895 in
871 2823 1091 2897 exhibendis
1106 2823 1419 2898 medicaminibus
1430 2822 1472 2896 llt
1481 2822 1654 2896 habenda
1670 2819 1953 2896 observatio.-

355 2936 414 3009 De
429 2936 669 3036 Phyltologia
690 2939 776 3013 libri
797 2944 879 3016 1111.
897 2940 965 3013 ubi
981 2957 1020 3014 et
1037 2941 1311 3042 Metaphyltces
1330 2939 1517 3042 quaedam
1542 2939 1643 3014 lectu
1659 2964 1776 3039 quam
1790 2936 1953 3036 dignilli-

352 3081 414 3128 ma
437 3053 711 3155 utilillimaque.
733 3099 783 3116 -
799 3059 859 3132 De
877 3059 1068 3134 Medicina
1096 3058 1181 3132 libri
1206 3061 1291 3132 Vll.
1315 3059 1381 3131 ubi
1405 3057 1451 3130 de
1472 3056 1696 3154 stmplicium
1722 3071 1859 3130 natura
1877 3079 1949 3153 per

355 3171 529 3246 ordinem
554 3172 777 3258 litterarum.
793 3219 843 3232 —-
874 3177 1161 3250 Problematum
1186 3175 1282 3249 liber
1309 3201 1419 3250 unus.
1435 3215 1486 3234 -·
1503 3174 1564 3247 De
1590 3171 1849 3246 Grammatica
1866 3170 1954 3244 libri

354 3287 492 3360 llll.-
512 3288 572 3360 De
589 3289 797 3364 Dialectica
817 3293 903 3365 libri
920 3295 1043 3366 111.-
1059 3291 1119 3366 De
1140 3291 1295 3368 Poetica
1310 3291 1407 3366 liber
1421 3317 1591 3366 unus-
1607 3290 1667 3363 De
1687 3285 1894 3363 Rhetorica
1910 3285 1953 3358 li-

352 3403 411 3476 bri
429 3407 473 3476 ll.
501 3401 561 3478 De
591 3405 728 3480 Morali
756 3405 1000 3509 Philosophia
1016 3408 1112 3484 liber
1133 3437 1241 3484 unus.
1254 3449 1307 3486 -,
1318 3409 1379 3484 De
1413 3406 1670 3487 Oeconomia,
1700 3405 1773 3478 five
1792 3401 1952 3477 admini-

355 3522 530 3594 llratione
551 3521 686 3596 domus
709 3522 795 3595 libri
816 3528 879 3598 lll.
900 3525 1094 3628 inquibus
1113 3526 1159 3599 de
1180 3525 1467 3618 Architectura,
1495 3547 1613 3620 reque
1634 3519 1768 3592 rustica
1796 3516 1883 3592 suns
1905 3521 1954 3592 est

350 3636 465 3711 locus.
479 3679 525 3695 -·
547 3637 736 3712 Politicon
753 3667 873 3715 unum
885 3643 1088 3727 volumen,
1106 3642 1174 3715 uhi
1186 3642 1232 3715 de
1252 3641 1334 3711 iure
1355 3637 1475 3723 civili,
1499 3662 1541 3709 ac
1554 3635 1750 3734 pontificio
1771 3636 1952 3735 primum,

354 3753 448 3826 Mox
466 3753 512 3827 de
523 3753 667 3853 legibus
680 3755 719 3828 in
735 3756 973 3842 universum,
991 3758 1078 3838 inde
1090 3757 1136 3830 de
1153 3783 1195 3828 re
1206 3743 1505 3852 militari'agitur.
1519 3793 1564 3810 -
1580 3753 1640 3825 De
1658 3751 1831 3850 corporis
1849 3775 1953 3822 com-

353 3869 476 3942 modis
497 3886 535 3942 et
551 3870 804 3945 incommodis
823 3873 910 3945 libri
930 3875 992 3944 lll.
1009 3897 1176 3972 qnorum
1197 3857 1343 3970 primus
1358 3885 1463 3944 totus
1481 3870 1527 3943 de
1547 3869 1690 3954 anima,
1707 3865 1890 3940 secundus
1907 3864 1954 3938 de

354 4009 537 4082 corpore,
556 3985 690 4058 tertius
708 4013 801 4059 vero
823 3987 868 4059 de
884 3968 1010 4060 urinis
1022 4013 1068 4060 ex
1085 3988 1301 4087 Hippocrate
1323 4014 1365 4060 ac
1384 3987 1502 4059 Paulo
1521 3984 1721 4082 Aegrheto,
1742 3983 1865 4081 deque
1884 3982 1956 4053 Ga-

355 4099 437 4170 lem‘
452 4099 730 4200 quaestionibus
747 4102 786 4175 in
805 4103 1124 4204 Hippocratem-
1145 4102 1205 4179 De
1224 4103 1338 4178 rebus
1358 4101 1523 4179 externis
1545 4100 1641 4173 liber
1659 4125 1776 4182 unus,
1803 4124 1845 4170 ac
1868 4097 1955 4170 ulti-

356 4241 461 4301 mus,
482 4215 548 4289 ubi
567 4217 613 4290 de
633 4217 786 4304 Gloria,
805 4220 1091 4320 Amplitudine,
1115 4239 1154 4297 et
1180 4219 1338 4295 caeteris
1357 4215 1647 4292 huiusmodi'-
1670 4215 1774 4288 Haec
1793 4211 1956 4288 summa·

357 4333 448 4419 tim,
471 4331 532 4407 led
564 4333 707 4420 insunt,
736 4353 775 4410 et
801 4338 872 4411 alia
893 4339 1078 4439 plurima,
1107 4365 1204 4438 quae
1236 4337 1395 4436 legendo
1425 4335 1513 4409 licet
1538 4329 1834 4432 cognoscere-
1851 4331 1957 4404 Haec
1985 4404 1987 4410 ,

361 4449 491 4522 omnia
505 4449 544 4521 in
560 4451 685 4526 fronte
703 4451 765 4527 fol.
789 4481 824 4562 ι.
838 4483 868 4528 a.
892 4455 972 4528 Fol.
992 4483 1025 4530 2.
1044 4484 1074 4530 a.
1093 4454 1278 4556 sequitur:
1290 4493 1335 4508 -
1353 4451 1500 4526 Tabula
1518 4475 1670 4534 eorum,
1685 4446 1843 4548 quaein
1863 4473 1954 4546 ope-

359 4591 402 4639 re
422 4561 674 4642 continentur.
694 4569 758 4643 fol.
781 4575 834 4659 ¹4·
852 4599 882 4645 a.
903 4571 997 4644 finis.
1024 4573 1054 4643 F
1056 4574 1102 4646 ol.
1120 4572 1202 4647 eod.
1223 4571 1256 4644 b.
1269 4568 1490 4643 -Joanner
1509 4568 1634 4641 Petrus
1659 4565 1766 4638 Valla
1789 4562 1963 4660 (Georgii

361 4683 476 4778 lilius)
498 4682 628 4757 lllullri
646 4686 846 4786 Viglebani
877 4688 1043 4775 Comiti,
1063 4687 1309 4788 Principique
1334 4683 1649 4790 Excellentillimo
1666 4679 1957 4759 Joanm'Jucobo
2053 4696 2057 4707 ·

369 4798 537 4875 Trai’ultr'o
557 4801 630 4877 Sal.
645 4802 693 4879 D.
711 4821 903 4883 aeternam
923 4807 952 4882 F
954 4807 1001 4882 ol.
1027 4807 1080 4884 15.
1101 4833 1132 4882 a.
1146 4849 1191 4866 -
1211 4805 1320 4904 Opus
1335 4801 1457 4904 ipsum
1475 4801 1628 4901 incipit,
1648 4793 1846 4898 praemillo
1864 4793 1956 4867 titu-
