4696 5860
782 649 1022 712 cartuoous
1047 649 1420 708 atauocaarmcus
1447 651 1538 708 nur.
1933 639 1955 708 3
1987 673 1990 680 ·

356 829 478 904 Dathi
486 829 691 930 elegantiae
706 855 793 904 cum
809 829 950 928 duplici
967 828 1253 902 commentario.
1271 869 1320 884 -
1336 827 1501 924 Regulae
1517 827 1823 915 constructionis,
1850 831 1952 906 ordi-

354 948 435 1035 nis,
472 933 671 1023 venustatis
700 963 738 1020 ct
760 945 980 1020 diversttatis
1008 945 1054 1020 ab
1070 943 1238 1040 Ascensio
1264 944 1442 1016 collectae
1463 959 1502 1016 ct
1528 942 1696 1018 insertae.
1720 987 1770 1004 -—
1787 947 1952 1047 Regulae

356 1066 645 1165 elegantiarum.
662 1059 847 1159 Francrsci
870 1061 969 1160 nigri
1000 1087 1087 1134 cum
1115 1059 1390 1160 explanatione.
1409 1099 1459 1128 ·.·-
1475 1059 1759 1157 Magislratuum
1778 1089 1954 1139 romano-

353 1206 443 1254 rum
461 1181 619 1278 diligens
635 1179 848 1256 declaratio.
867 1221 916 1236 -
932 1181 1028 1252 ltem
1051 1179 1182 1251 lodoci
1204 1173 1319 1275 Bada·
1337 1175 1503 1274 Asceasii
1524 1176 1667 1251 directe
1688 1177 1874 1252 scribendi
1894 1209 1953 1256 ra-

354 1299 459 1372 tione
481 1297 748 1398 compendiosa
766 1296 939 1371 traditio:
967 1298 1142 1369 Necnon
1161 1294 1207 1368 de
1228 1294 1500 1392 orthographia
1517 1279 1668 1392 regulae
1688 1297 1890 1392 generales.
1903 1341 1952 1356 -
2036 1273 2049 1290 ’

354 1416 461 1514 Apea
468 1414 707 1512 Asceasiaaus
723 1414 769 1487 de
784 1413 927 1512 graecis
942 1411 1170 1484 dictionibus
1184 1437 1231 1484 ex
1255 1411 1424 1484 Tortellzo
1444 1411 1704 1512 depromptus.
1716 1413 1953 1490 -Eiusdem
1987 1441 1992 1450 ·

356 1533 401 1605 de
420 1530 707 1630 Orthographia
723 1557 809 1604 cum
829 1545 908 1604 arte
927 1525 1229 1628 diphthongandi
1254 1527 1414 1602 Guarini
1432 1529 1653 1633 ¹Veronensts
1677 1531 1831 1630 regulae
1846 1559 1951 1608 com-

353 1647 595 1722 modillimae.
613 1688 659 1702 —
676 1647 736 1730 De
753 1647 885 1744 eadem
905 1661 1078 1720 exactum
1102 1646 1255 1742 Georgii
1275 1645 1702 1746 Vallaecompendium.
1718 1689 1768 1705 -
1785 1651 1881 1724 ltern
1900 1652 1952 1724 di-

351 1765 509 1839 vistones
534 1779 829 1863 praeceptorum
862 1779 900 1837 et
915 1758 1111 1860 Augustini
1130 1761 1253 1834 Dathi
1266 1777 1305 1836 et
1326 1759 1512 1858 Franczsci
1529 1763 1655 1860 Nigri,
1689 1781 1803 1866 atquc
1829 1770 1951 1842 nomi-

350 1887 714 1976 numfromanorum
730 1877 926 1952 novissime
941 1877 1229 1978 supperadditae
1248 1907 1285 1978 p.
1304 1879 1360 1952 lo.
1378 1880 1683 1956 Medzbvillanum.
1705 1922 1756 1940 -
1785 1885 1889 1960 Haec
1909 1889 1950 1962 in

348 1999 474 2073 fronte
494 2023 582 2072 cum
600 1998 831 2097 epigramate
843 1991 1070 2091 Ascensii-
1088 1995 1152 2069 sol.
1164 2019 1196 2068 2.
1216 1995 1379 2095 Epistola
1394 1997 1511 2069 Badii
1525 1995 1693 2094 Ascensii
1703 2000 1750 2073 ad
1773 2002 1950 2080 studiosos

348 2141 438 2188 cum
457 2114 727 2214 subscriptione
747 2139 794 2187 cx
813 2111 969 2186 officina
986 2117 1109 2186 nostra
1125 2111 1309 2186 litteraria
1323 2111 1601 2211 in'Pansaorum
1621 2115 1788 2190 Lutetiae
1802 2121 1848 2193 ad
1875 2121 1950 2194 Oc-

346 2249 478 2306 tavum
493 2232 675 2305 Calendas
694 2230 851 2304 Martias
877 2229 992 2302 Anno
1015 2229 1122 2326 juxta
1140 2229 1405 2304 Romanorum
1424 2232 1587 2305 calculos
1613 2233 1811 2309 Millefimo
1836 2239 1945 2338 quin-

347 2349 550 2450 gentesimo
570 2349 708 2448 primo.
726 2389 776 2406 -
795 2347 842 2422 ad
859 2347 974 2420 finem
994 2345 1058 2419 fot.
1080 2347 1158 2434 154.
1179 2345 1242 2418 lin.
1261 2349 1308 2435 45
1330 2347 1470 2445 legitur
1492 2345 1651 2447 sequens
1674 2349 1873 2427 distichon:

631 2465 797 2540 Proinde
816 2489 914 2564 puer
933 2479 1039 2536 tanto
1056 2486 1270 2535 memorem
1287 2478 1324 2535 tc
1347 2463 1497 2536 ostende
1514 2463 1635 2536 labori

727 2583 855 2680 Atque
876 2605 1035 2679 operam
1050 2577 1143 2652 velis
1163 2577 1408 2677 remigiisque
1424 2578 1533 2652 dabo.

349 2702 459 2778 Char.
479 2696 900 2794 Gotth.soll.sign.154.
918 2693 1051 2794 glossae
1073 2693 1320 2792 marginales,
1342 2691 1404 2768 lin.
1422 2720 1478 2792 29.
1497 2693 1520 2766 s.

537 2833 730 2892 verisimiliter
745 2832 794 2888 hio
811 2847 948 2888 macutus
967 2831 1065 2887 eodem
1084 2850 1160 2888 anno
1179 2831 1271 2888 editius
1289 2831 1365 2897 suit,
1381 2851 1439 2905 quo
1449 2833 1564 2888 Badius
1575 2837 1728 2912 Ascensius
1739 2840 1884 2916 epistolam
1895 2846 1942 2900 de.

633 2926 803 2984 dicatoiiam
819 2925 981 2982 charactere
994 2925 1109 3002 prorsus
1127 2925 1186 2980 alio
1203 2923 1273 2980 buia
1292 2925 1374 3000 operi
1388 2927 1560 3000 praeposuit

442 3100 474 3172 5.
499 3069 550 3158 (-
581 3097 827 3200 Quodlibetica
857 3094 987 3193 lecrsi'o
1016 3098 1247 3196 perpulchra
1277 3113 1315 3172 et
1347 3096 1486 3171 devota
1506 3098 1552 3172 de
1579 3098 1724 3200 septem
1749 3104 1944 3180 doloribus

345 3215 560 3290 Christifere
576 3214 733 3313 virginis
749 3215 894 3288 Manae
914 3242 956 3288 ac
976 3215 1171 3290 communi
1187 3232 1226 3290 et
1242 3213 1486 3289 saluberrima
1502 3216 1811 3295 confraternitate
1828 3223 1874 3297 de
1885 3223 1943 3297 su·

341 3361 411 3434 per
439 3333 602 3408 instituta
620 3333 667 3406 ad
684 3333 764 3406 eius
782 3332 972 3406 honorem
1001 3347 1040 3404 et
1061 3331 1232 3428 gloriam.
1251 3373 1300 3389 -
1318 3333 1422 3406 Haec
1451 3333 1491 3404 in
1510 3331 1635 3408 sronte
1663 3361 1751 3410 cum
1775 3337 1938 3434 imagine

226 3453 236 3473 ⁸
345 3450 477 3524 matris
498 3448 694 3524 dolorosae
720 3449 783 3520 fol.
796 3474 830 3521 2.
858 3447 986 3520 tabula
1003 3446 1240 3546 alphabetico
1256 3447 1524 3549 principalium
1548 3451 1794 3524 materiarum
1813 3495 1862 3510 -
1879 3455 1941 3528 sol.

343 3569 410 3641 ult.
430 3570 487 3656 54.
509 3567 572 3640 lin.
593 3568 650 3640 31.
680 3563 899 3664 impressum
917 3563 1150 3638 Schratemal
1165 3563 1206 3637 in
1221 3563 1366 3660 Aristeia
1393 3565 1439 3636 A.
1458 3564 1545 3636 Dni.
1570 3565 1623 3637 M.
1642 3566 1941 3666 quingentesimo

341 3684 469 3784 primo
481 3683 656 3762 vicesimo
666 3682 727 3758 die
742 3681 876 3757 mensis
888 3682 1019 3757 Marci.
1031 3680 1203 3754 -Chan
1214 3680 1329 3753 Goth.
1342 3679 1424 3754 Lat.
1441 3679 1533 3770 s54.
1555 3705 1634 3753 non
1645 3681 1730 3782 sign.
1743 3685 1827 3760 Lin.
1839 3689 1940 3785 37.4.

530 3823 659 3880 Panzeri
671 3819 776 3877 Annas.
793 3821 925 3894 Typogr.
946 3821 982 3874 T.
990 3816 1017 3874 8.
1036 3839 1065 3894 p.
1075 3815 1138 3892 289.
1149 3819 1187 3873 N.
1199 3837 1224 3873 ι.
1245 3817 1337 3872 Deoia
1347 3816 1496 3894 Naebtaag
1511 3819 1937 3897 zurBuchdruclrergelclticbta

629 3913 745 3970 Wiens.
764 3931 792 3986 p.
812 3927 856 3966 ao.
874 3911 907 3964 in
923 3909 1111 3983 praelatione.

438 4079 471 4152 6.
488 4119 539 4176 ,-
555 4075 785 4151 Problemata
805 4075 1016 4148 Aleaaadn'
1029 4073 1248 4176 Aphrodesei
1259 4075 1413 4175 Georgz'o
1431 4079 1537 4152 Valla
1558 4078 1775 4180 interprete.
1789 4083 1939 4160 -·.Pro·

343 4197 508 4272 blemata
526 4192 731 4292 Aristotelis
752 4194 935 4268 Theodoro
955 4193 1059 4267 Gaza
1076 4192 1296 4292 interprete.
1322 4236 1373 4254 -
1397 4195 1639 4272 Problemata
1663 4197 1856 4274 Plutarchi
1868 4230 1939 4303 per

339 4315 519 4390 loannem
537 4313 679 4387 Petrum
698 4308 908 4387 Lucensem
928 4310 968 4382 in
985 4309 1080 4418 Lat.
1094 4309 1273 4386 conversa
1291 4353 1339 4370 ·-·
1356 4311 1514 4386 Haecin
1531 4311 1657 4388 fronte
1674 4315 1739 4390 sol.
1762 4344 1791 4391 1.
1809 4361 1859 4378 -
1873 4321 1938 4398 sol.

342 4459 375 4505 a.
397 4431 560 4531 Epistola
586 4431 716 4506 Veliae
739 4428 785 4504 ad
802 4427 980 4518 loannem
998 4427 1222 4501 ldarlraaum
1241 4429 1578 4518 mathematicum,
1605 4447 1643 4506 et
1669 4433 1740 4508 alia
1768 4437 1936 4514 Victoris

310 4571 315 4578 ·
341 4547 459 4648 pisani
477 4548 524 4622 ad
537 4549 753 4622 ludovicum
763 4545 953 4641 Moceaigo
967 4585 1007 4602 -
1035 4543 1142 4618 sol.3.
1163 4543 1351 4644 incipiunt
1367 4547 1722 4651 Problemata-jad
1739 4553 1854 4628 finem
1871 4556 1935 4630 sol.

341 4667 399 4741 89.
423 4666 632 4766 expliciunt
648 4664 889 4738 Problemata
907 4661 1119 4736 Alexandri
1128 4661 1348 4762 Aphrodisei
1363 4691 1383 4738 e
1402 4691 1515 4764 greco
1533 4667 1572 4740 in
1591 4667 1748 4742 latinum
1763 4673 1936 4748 traducta

340 4807 411 4882 per
435 4786 643 4884 Gregoraiam
664 4783 807 4858 Vallem
828 4796 865 4856 et
881 4779 1050 4876 Anstola
1064 4779 1302 4881 problemata
1323 4768 1505 4858 Theodoro
1523 4782 1751 4885 interprete,
1787 4806 1824 4862 et
1849 4789 1933 4862 Plu-

1469 4899 1504 4976 Α
1530 4927 1551 4972 2
