4706 5868
376 686 445 736 100
759 677 1000 740 caTaLoous
1025 677 1402 739 nlnuoonarmeus
1427 680 1598 739 ntnxvn.

468 852 803 956 293.-Baptfia0
819 857 1019 932 Mantuani
1032 859 1230 944 Bucolica,
1251 857 1316 933 leu
1336 857 1585 933 adolescentia
1610 857 1649 932 in
1675 857 1809 934 decem
1824 863 1975 962 eglogas

373 973 525 1050 divisae
541 974 676 1048 Jodoco
695 975 815 1048 Badio
830 974 1000 1073 Ascerfio
1019 976 1256 1051 familiariter
1272 976 1440 1075 expofita
1460 1001 1550 1049 curn
1566 974 1691 1050 indice
1710 975 1922 1054 dictionum
1936 1023 1980 1038 -

377 1093 528 1164 Carmen
548 1089 719 1166 eiusdem
738 1091 784 1166 de
807 1094 841 1166 S.
869 1093 973 1169 ioan.
992 1093 1167 1193 Baptista.
1193 1092 1378 1192 Dialogus
1393 1093 1550 1166 eiusdem
1563 1091 1610 1168 de
1626 1093 1704 1169 vita
1712 1092 1824 1168 beata
1837 1141 1877 1155 —
1891 1097 1985 1170 Her.

370 1208 724 1306 manniBuschii—
746 1209 947 1309 Catalogus
962 1209 1134 1285 eiusdem
1155 1210 1201 1284 de
1223 1209 1303 1284 vita
1318 1209 1429 1284 beata
1450 1253 1486 1268 -·
1511 1210 1721 1284 Hermaani
1736 1211 1892 1308 Buschri'
1907 1213 1981 1288 oda
2023 1205 2030 1224 ’

374 1325 421 1400 de
438 1326 718 1424 contemnendo
730 1327 874 1400 mundo
882 1342 922 1402 et
930 1327 1090 1402 amanda
1097 1325 1174 1401 iola
1189 1327 1333 1400 virtute
1343 1340 1412 1400 etc.
1427 1321 1595 1400 -An'no
1605 1327 1980 1405 mundiMDXVll.

372 1443 539 1518 -Haec
566 1441 607 1514 in
632 1443 827 1518 fronte-
853 1443 917 1517 fol.
945 1444 1004 1518 86.
1029 1444 1096 1520 lin.
1123 1446 1181 1532 34.
1202 1441 1380 1517 excusum
1406 1444 1633 1541 Argentziaae
1660 1443 1700 1518 in
1720 1443 1876 1520 aedibus
1899 1473 1982 1520 zum

380 1559 618 1658 Thisrgarten
634 1585 705 1658 per
722 1559 902 1633 Renatum
923 1560 1022 1634 Beclr
1040 1559 1164 1636 civem
1179 1559 1495 1658 Argentinenlem
1516 1560 1631 1635 Anno
1656 1561 1854 1636 Millefimo
1873 1563 1982 1662 quin-

374 1675 578 1776 gentefimo
596 1673 744 1750 decimo
762 1674 935 1774 septimo.
946 1718 992 1732 -
1011 1677 1132 1752 Char?
1146 1678 1208 1752 lat
1225 1676 1355 1776 grand.
1381 1691 1419 1750 et
1441 1673 1596 1751 minulc.
1612 1676 1746 1778 glollae
1769 1681 1886 1778 marg.
1902 1679 1980 1754 loll.

374 1792 541 1893 68.f1gn.
563 1791 602 1865 in
614 1807 697 1866 toto
714 1792 773 1866 86.
794 1791 857 1868 lin.
876 1809 1004 1869 textus
1028 1795 1087 1868 28.
1114 1801 1148 1884 4.

568 1930 697 1988 Panaeti
710 1927 815 1986 Annal.
835 1933 968 2008 Typogr.
988 1931 1024 1987 Τ.
1039 1931 1066 1988 6.
1086 1927 1172 2009 p.86.
1194 1933 1308 2006 N.497.

474 2105 615 2198 294-
636 2098 794 2190 loannis*
806 2099 993 2198 Francasci
1007 2101 1093 2174 Pici
1108 2099 1342 2174 Mirandulae
1361 2098 1507 2174 domini
1528 2115 1566 2175 et
1584 2100 1809 2176 concordiae
1830 2102 1980 2178 comitis

380 2214 693 2290 Sthaurostichon
713 2215 788 2288 hoc
803 2220 851 2289 est
869 2241 1023 2292 carmen
1043 2217 1089 2292 de
1109 2217 1297 2318 Mysteriia
1317 2217 1530 2292 dominicae
1553 2215 1675 2291 crucis
1692 2243 1816 2317 nuper
1843 2221 1881 2294 in
1899 2222 1984 2294 Ger-

375 2335 540 2407 maniam
556 2329 710 2431 delapsts
720 2331 765 2406 ad
773 2332 1074 2407 Maximilianum
1087 2335 1299 2433 Augullum
1307 2337 1574 2410 Romanorum
1589 2334 1734 2432 Regem
1742 2353 1812 2410 etc.
1825 2379 1868 2397 ·-·
1879 2339 1983 2412 Haec

376 2451 416 2524 in
431 2449 557 2523 fronte
574 2473 663 2522 curn
685 2448 864 2550 Stephani
874 2451 1003 2524 Hodtii
1016 2451 1176 2551 elegiola
1194 2469 1263 2527 etc.
1280 2499 1318 2513 -
1341 2453 1553 2553 subscripta,
1572 2453 1657 2526 vale
1675 2452 1883 2552 Sybillinos
1899 2456 1985 2555 pul-

377 2593 558 2643 verea—
577 2564 641 2638 iol.
672 2592 725 2638 10.
748 2565 812 2643 lin.
836 2594 889 2642 ra.
914 2568 1002 2643 finis
1022 2568 1170 2670 Lipsiae
1195 2569 1234 2643 in
1253 2569 1408 2644 aedibus
1439 2571 1629 2643 Valentini
1643 2569 1850 2644 Schamann
1868 2571 1985 2646 Anno

377 2683 540 2758 Domini
559 2682 744 2757 Milellmo
769 2684 1068 2784 quingentellmo
1096 2687 1246 2763 decimo
1264 2686 1437 2790 septimo.
1454 2727 1504 2748 -
1530 2685 1663 2786 lnslgn.
1684 2687 1855 2791 Typogr.
1871 2688 1982 2765 Char.

372 2803 441 2878 lat.
459 2801 538 2877 foll.
558 2826 612 2876 ιο.
629 2826 710 2874 non
729 2799 815 2900 fign.
834 2801 899 2876 lin.
919 2805 976 2876 26.
998 2813 1031 2894 4.
1716 2832 1719 2838 ·

571 2941 651 2994 Inter
668 2956 755 3013 opera
769 2937 929 2994 hneuadum
947 2941 1081 2996 recenfita
1099 2957 1158 2996 non
1176 2941 1272 3004 cxllat.
1364 2983 1366 2992 .

435 3113 443 3122 ’
480 3107 618 3206 295.-
637 3106 793 3179 loannis
807 3108 994 3180 francici
1007 3107 1092 3180 Pici
1104 3107 1361 3182 Mirandulani
1380 3108 1567 3209 Principis
1591 3110 1894 3212 concordiaeque
1909 3111 1985 3185 Co·
2075 3115 2077 3120 ’

376 3221 485 3299 mitis
499 3223 645 3324 Hymni
663 3223 808 3298 heroici
832 3239 910 3300 tres
929 3225 976 3300 ad
995 3223 1255 3300 sanctillimam
1277 3225 1505 3311 Taurinam,
1527 3224 1572 3299 ad
1595 3225 1769 3322 Christum
1788 3243 1826 3302 et
1843 3227 1889 3301 ad
1897 3228 1984 3300 Vir·

170 3354 179 3388 r
230 3363 232 3367 ⁴
380 3341 511 3442 ginem
526 3341 873 3417 Manum-Haec
888 3341 929 3416 in
943 3342 1126 3418 fronte-
1143 3369 1230 3416 cum
1245 3342 1371 3442 inllgn.
1387 3342 1672 3441 typogr.-fol.
1691 3367 1749 3440 29.
1765 3340 1828 3414 lin.
1841 3347 1873 3430 4.
1886 3341 1983 3417 finis.

381 3459 529 3560 Lipsiae
548 3458 588 3533 in
606 3459 761 3534 aedibus
785 3459 975 3533 Valentini
988 3460 1194 3533 Schamann
1211 3461 1328 3535 Anno
1343 3459 1504 3534 Domini
1524 3457 1710 3534 Mitefimo
1723 3456 1984 3560 quinquagen-

383 3577 515 3651 tellmo
537 3575 685 3650 decimo
704 3574 875 3677 septimo
903 3580 994 3684 leon
1012 3577 1049 3652 S.
1070 3579 1273 3676 Georgr'i-
1292 3577 1403 3652 Char.
1422 3577 1484 3650 lat.
1503 3577 1596 3676 eleg.
1613 3576 1696 3650 foll.
1710 3601 1768 3674 29.
1792 3601 1872 3650 non
1898 3577 1984 3677 lign.

270 3675 274 3684 ¹
383 3693 448 3770 lin.
467 3695 525 3768 25.
550 3699 605 3783 4.·

574 3833 704 3892 Panaeti
723 3831 829 3888 Annal.
849 3831 981 3908 Typogr.
1003 3830 1038 3888 T.
1048 3853 1076 3907 7.
1097 3852 1125 3910 p.
1138 3851 1199 3910 ¹99·
1221 3833 1261 3891 N.
1273 3848 1334 3909 ²92·

228 4099 232 4106 ἡ
483 4000 567 4101 296.
578 4041 624 4061 -
644 4000 807 4102 Oppiani
818 4000 864 4075 de
884 3997 1048 4102 piscibus
1064 3999 1150 4075 libri
1168 4003 1339 4103 quinque
1355 4025 1443 4075 cum
1461 3999 1777 4110 interpretatione
1800 3998 1996 4074 Laurentii

386 4119 503 4220 Lippi.
515 4159 561 4178 -
577 4119 682 4194 Haec
697 4118 738 4192 in
754 4117 880 4192 fronte
895 4162 933 4176 -
952 4143 1041 4192 cum
1059 4117 1185 4218 infign.
1202 4126 1354 4220 typogr.
1369 4117 1511 4191 Aldi-
1525 4119 1589 4194 fol.
1607 4121 1683 4215 r66.
1702 4119 1738 4193 b.
1756 4117 1819 4191 lin.
1838 4143 1871 4216 9.
1893 4117 1990 4190 finis.
2128 4202 2132 4214 ι

386 4236 451 4309 fol.
462 4235 553 4336 leqa.
570 4238 727 4310 Venami
738 4237 778 4311 in
789 4234 944 4312 aedibus
955 4236 1090 4312 Aldtet
1098 4235 1267 4312 Andreae
1275 4234 1748 4312 Socen'MenleDecembri
1756 4235 1988 4310 M.D.XVll.

388 4351 501 4427 Char.
514 4353 574 4428 lat.
592 4352 669 4426 foll.
695 4355 772 4430 166.
791 4354 875 4455 llgn.
896 4352 1027 4428 lindo.
1047 4355 1080 4428 8.
1108 4355 1170 4428 Ex
1185 4357 1395 4428 collectione
1411 4355 1648 4432 Herbizrima.

578 4490 706 4548 Panaeti
725 4493 829 4550 annal.
847 4495 980 4569 Typogr.
997 4488 1069 4550 18.
1088 4503 1190 4569 μίμῳ.
1212 4491 1249 4550 N.
1259 4487 1325 4554 852.
1342 4495 1445 4552 Merite.
1466 4497 1502 4553 Τ.
1520 4513 1547 4552 a.
1565 4513 1595 4572 p.
1612 4495 1676 4552 305.
1696 4494 1775 4552 Satio
1786 4489 1992 4548 dall'adixioni

677 4582 785 4640 uerna
801 4588 885 4662 pao.
905 4582 982 4644 rto.
1935 4588 1937 4597 ¹

485 4777 568 4851 297.
579 4789 630 4842 ε-
647 4751 763 4852 Opera
781 4753 979 4849 virgiliana
999 4753 1109 4830 docte
1130 4771 1168 4828 et
1186 4753 1421 4828 familiariter
1440 4754 1604 4854 expofita
1621 4782 1644 4830 a
1660 4755 1801 4836 Serrai),
1821 4751 1989 4832 Donato,

397 4867 618 4947 Mancznello
634 4884 673 4946 et
693 4867 808 4944 Probo
821 4894 945 4970 nuper
962 4869 1090 4948 addito
1109 4897 1197 4948 cum
1211 4868 1517 4947 adnotationibus
1534 4868 1770 4948 Beroaldinia
1790 4863 1916 4943 aeneis
1927 4890 1992 4941 ve·
