4694 5878
380 676 451 764 154
739 697 980 758 cormacus
1000 693 1381 756 aratroonrrrucus
1398 693 1602 756 unxxxu.
1624 697 1628 706 ·

378 898 426 946 ex
445 871 603 948 officina
621 874 836 976 Melabron&
856 886 894 951 et
914 873 1087 976 Gasporis
1108 873 1277 973 l'reclstl
1290 877 1479 950 Fratrum.
1497 875 1614 982 Anno
1633 871 1686 946 Μ.
1696 873 1744 946 D.
1756 871 1922 949 XXXll.
1942 915 1989 934 -·

359 992 484 1088 ,Haec
502 991 551 1068 in.
559 993 687 1066 fronte
709 1019 798 1068 cum
811 993 940 1092 infign.
959 1010 1109 1093 typogr.
1131 1010 1168 1066 et
1185 991 1349 1092 inscript.
1366 992 1453 1066 ulus
1470 991 1689 1089 me'genuit.
1706 989 1836 1066 --lol
1849 1019 1881 1064 ιι,
1901 993 1990 1091 Epi-

378 1109 468 1183 stola
482 1110 579 1182 Joau
600 1109 776 1183 ludovici
799 1109 895 1182 Vivis
909 1109 1072 1209 Epistola
1090 1109 1137 1183 ad
1151 1110 1395 1208 Morgarr'tam
1411 1106 1580 1203 Arsinoe
1602 1108 1833 1208 Principem.
1857 1151 1908 1168 -
1925 1111 1987 1184 fol.

383 1227 441 1324 59.
468 1225 503 1299 b.
527 1227 766 1301 excutiebant
780 1227 955 1325 Lugduni
971 1226 1153 1300 Merctor
1167 1243 1206 1303 et
1225 1226 1366 1328 Gaspar
1383 1226 1550 1323 Treclsel
1575 1225 1720 1300 fratrea.
1750 1227 1852 1301 1532.
1869 1221 1989 1302 Char.

380 1345 442 1418 lat
464 1343 564 1442 gloll.
584 1369 701 1442 marg.
722 1343 800 1417 foll.
817 1345 875 1441 59.
894 1343 959 1418 lin.
977 1344 1033 1418 28.
1058 1345 1090 1417 8.
1242 1399 1243 1404 .
1903 1373 1904 1376 ’

571 1503 700 1558 Pauzen'
716 1503 822 1558 Annal.
842 1494 973 1579 Tupogr.
995 1504 1064 1578 T.7.
1081 1505 1184 1578 poto.
1206 1503 1318 1578 N.671.

483 1696 567 1788 499.
594 1731 643 1747 -
669 1689 845 1764 Frrilen'ci
864 1691 1030 1788 Nauseae
1060 1689 1319 1766 Humiliarum
1349 1687 1553 1766 Centuriae
1576 1699 1673 1777 tres,
1708 1689 1847 1791 quibua
1872 1690 1999 1767 addita

389 1810 438 1881 est
454 1808 519 1880 IV.
544 1806 727 1880 Centuria
743 1823 813 1883 etc.
831 1849 881 1866 ·-
899 1807 1004 1883 Haec
1018 1808 1058 1881 in
1074 1807 1211 1883 fronte.
1228 1808 1292 1881 fol.
1305 1811 1387 1898 445.
1407 1808 1441 1881 b.
1460 1809 1529 1881 lin.
1546 1808 1604 1882 38.
1621 1806 1796 1907 divinum
1808 1808 1885 1909 lroc
1901 1823 1998 1910 opus

387 1923 647 2018 Homiliarum
668 1965 719 1982 -
738 1926 915 1998 Frtder'r‘ci
935 1925 1101 2022 Nauseao
1117 1965 1174 1985 ¹-
1194 1926 1234 1998 in
1256 1941 1421 2027 quatuor
1440 1926 1637 2000 redactum
1661 1925 1863 1999 Centurias
1894 1926 1997 1999 Colo·
2027 1937 2030 1943 “

384 2043 473 2114 πίαε
488 2083 534 2098 -
557 2041 682 2116 Petrus
705 2040 874 2142 Queotell
890 2043 1101 2116 excudebat
1121 2031 1235 2116 Anno
1256 2041 1408 2141 virginii
1428 2043 1565 2118 Partus
1584 2043 1637 2118 M.
1645 2043 1693 2116 D.
1705 2043 1874 2134 xxxii.
1897 2069 2001 2118 men·

387 2156 425 2234 se
442 2161 620 2258 Augusta.
633 2157 752 2232 Char.
771 2159 831 2234 lat.
848 2153 948 2258 gloll.
967 2187 1085 2258 marg,
1102 2161 1178 2258 loll.
1198 2162 1280 2249 445.
1299 2159 1362 2232 lin.
1384 2162 1441 2234 60.
1459 2160 1504 2234 f.-

581 2318 711 2390 Panem
727 2318 836 2374 Auual.
855 2291 1080 2394 Typogr.¹T.6.
1098 2328 1201 2394 p.4.1y.
1221 2317 1335 2392 nota
1398 2317 1403 2328 '
1445 2349 1450 2356 ·
1511 2359 1514 2370 .
1650 2349 1655 2364 ·

481 2504 781 2580 500.-Amaldi
790 2509 834 2580 de
841 2509 931 2580 villa
948 2534 1041 2581 noro
1049 2507 1186 2582 medici
1198 2505 1393 2582 acutiffimi
1406 2510 1752 2609 operanuperrime
1760 2509 1898 2583 revisa:
1915 2537 1992 2585 una

396 2651 486 2700 cum
504 2625 614 2725 ipfiua
638 2624 717 2699 vita
736 2611 911 2699 recenter
928 2623 991 2698 hic
1007 2625 1488 2735 appofita-eiusdemque
1501 2641 1670 2730 narratu
1688 2624 1733 2700 de
1753 2626 1999 2726 philosopho-

383 2769 480 2816 rum
495 2741 630 2842 lapide.
648 2785 693 2799 -
712 2740 984 2817 Additionibus
1001 2744 1270 2842 marginalibus
1290 2745 1455 2845 tabulaq‘.
1476 2745 1664 2817 librorum
1685 2760 1723 2818 et
1743 2744 1999 2843 capitulorum

390 2861 432 2932 in
465 2860 537 2932 hac
564 2854 763 2931 novissima
787 2857 1054 2958 imprellione:
1083 2861 1283 2960 diligenter
1311 2861 1446 2936 additis
1473 2905 1523 2918 -
1547 2860 1821 2960 Venundantur
1835 2861 2008 2960 Lugduni

349 3003 352 3009 ’
394 2974 498 3074 apud
516 2976 717 3074 Scipionem
736 2973 783 3048 de
803 2966 971 3049 Gabz'ano
987 2977 1027 3050 in
1046 2977 1131 3051 vico
1149 2977 1365 3052 mercuriali
1390 2977 1457 3052 sub
1483 2977 1584 3076 figno
1605 2979 1732 3055 fontis.
1756 3024 1806 3040 -
1834 2977 2004 3054 Haecin

393 3093 524 3166 fronte
543 3133 588 3148 -
606 3117 695 3166 cum
711 3091 837 3191 infign.
856 3109 1007 3194 typogr.
1030 3134 1077 3150 -
1097 3094 1160 3168 fol.
1180 3122 1212 3168 2.
1236 3096 1400 3169 Amaldi
1414 3093 1492 3170 vita
1510 3139 1556 3152 -—
1582 3095 1645 3168 fol.
1662 3095 1745 3169 318.
1769 3095 1834 3171 lin.
1853 3097 1911 3171 23.
1941 3123 2005 3171 ex·

395 3208 559 3312 pliciunt
577 3234 696 3310 opera
718 3209 882 3285 Amoldi
899 3213 943 3284 de
966 3212 1065 3286 Villa
1081 3237 1173 3284 nova
1190 3211 1327 3284 medici
1348 3211 1544 3284 acutissimi
1567 3208 2005 3312 nuperrime'recognita

395 3344 436 3404 et
452 3325 663 3402 emendata.
690 3329 864 3426 Lugduni
885 3309 1059 3429 imprella
1080 3330 1120 3403 in
1148 3327 1477 3427 calcographia—
1499 3328 1577 3400 Jac.
1597 3329 1684 3428 Myt.
1708 3328 1824 3400 Anno
1843 3327 2004 3402 Domini
2042 3376 2043 3384 .
2100 3334 2102 3338 ’

391 3445 447 3520 M.
457 3446 504 3519 D.
516 3444 684 3519 XXXII.
704 3444 764 3520 die
780 3472 873 3520 vero
892 3446 941 3520 X.
960 3445 1093 3522 meniis
1118 3445 1235 3522 Junii.
1261 3447 1373 3521 Char.
1390 3446 1495 3546 goth.
1514 3442 1689 3520 minutill.
1711 3444 1787 3519 foll.
1806 3445 1889 3520 318.
1912 3445 1999 3546 fign.

396 3563 463 3638 lin.
484 3570 539 3662 74.
559 3562 585 3636 f.
1117 3633 1118 3638 ,

591 3701 720 3770 Paracata·
735 3702 841 3758 Annal.
860 3705 992 3780 Typogr.
1014 3703 1051 3759 T.
1069 3724 1098 3778 7.
1115 3722 1145 3780 p.
1162 3702 1226 3760 352.
1244 3704 1283 3759 N.
1301 3703 1367 3764 653.
1397 3773 1401 3782 Ι
1535 3769 1539 3776 Ι

388 3909 420 3950 '-
496 3892 578 3966 501.
604 3925 653 3946 -·
680 3891 897 3991 Splendr'das
923 3893 1137 3966 Nobilitatz's
1160 3893 1234 3967 viri
1256 3910 1294 3968 et
1313 3905 1478 3968 armatae
1497 3888 1653 3966 militiae
1675 3891 1824 3992 Equitio
1855 3891 1974 3967 aurati
1994 3947 2002 3978 ,

397 4009 447 4086 ad
463 4010 665 4110 utriusque
683 4009 777 4108 juria
800 4010 987 4095 doctoris,
1017 4011 1139 4085 sacrae
1168 4010 1370 4085 Caesareae
1387 4009 1585 4106 Majestatis
1607 4035 1628 4082 a
1649 4008 1808 4083 confiliis
1828 4027 1867 4084 et
1884 4007 2009 4084 archi-

401 4127 459 4201 vis
480 4125 685 4202 toditiarii.
711 4129 867 4205 Henn'ci
886 4129 1050 4200 Comelz'i
1066 4127 1253 4227 Agrdrpae
1272 4127 1318 4199 ab
1341 4125 1577 4222 Nettcsluezim
1608 4125 1654 4199 de
1680 4125 1946 4200 incertitudine
1969 4139 2008 4197 et

401 4241 569 4316 vanitate
586 4242 847 4331 scientiarum,
874 4259 912 4318 et
926 4244 1068 4316 artium
1082 4259 1197 4343 atque
1217 4242 1438 4316 excellentia
1457 4241 1565 4316 verbi
1582 4241 1677 4329 Dei,
1715 4243 1938 4316 declamatio
1958 4283 2008 4298 -

404 4362 518 4434 Nunc
538 4359 664 4434 denuo
684 4361 899 4461 recognita:
922 4376 959 4435 et
979 4355 1127 4435 scholiis
1144 4359 1385 4458 Marginariis
1400 4359 1585 4434 illustrata.
1606 4363 1654 4416 -’-
1678 4359 1785 4433 Nihil
1812 4358 1905 4433 scire
1926 4358 2009 4432 leli-

406 4474 548 4550 cillima
573 4477 661 4550 vita.
690 4477 806 4550 Anno
829 4477 1116 4552 M.D.XXXll.
1148 4475 1529 4578 menielSeptembri.
1548 4521 1597 4537 -
1622 4477 1784 4553 Haecin
1807 4477 1944 4552 fronte.
1958 4519 2009 4535 -·

407 4623 446 4694 p.
464 4592 546 4666 351.
565 4591 628 4667 lin.
646 4599 679 4681 4.
697 4593 793 4668 finis.
813 4595 977 4693 Epistola
992 4596 1038 4669 ad
1064 4584 1258 4670 lectorem.
1288 4594 1493 4696 subscripta
1510 4593 1665 4693 Parasiti
1683 4593 1783 4699 apud
1798 4594 2005 4699 Sordonum.

410 4711 522 4787 Char.
542 4711 603 4786 lat.
624 4737 661 4810 p.
680 4709 761 4782 351.
781 4709 867 4808 sign.
887 4711 926 4784 in
943 4728 1037 4787 toto.
1054 4713 1136 4810 367.
1158 4713 1220 4788 lin
1241 4713 1298 4784 32.
1321 4711 1419 4808 gloss.
1436 4738 1552 4811 marg.
1573 4713 1606 4786 8.
1733 4810 1736 4818 Ι

602 4871 730 4926 Panzeri
747 4869 850 4926 Annal.
869 4871 1001 4944 Typogr.
1020 4873 1055 4927 T.
1065 4870 1091 4926 6.
1111 4891 1139 4945 p.
1148 4881 1212 4944 421.
1231 4869 1268 4926 Ν.
1280 4867 1341 4942 673·
1363 4871 1496 4927 cremone.
1515 4872 1549 4928 Τ.
1560 4893 1584 4928 ι.
1601 4889 1630 4948 p.
1641 4869 1687 4936 85.
1704 4871 1794 4931 Edita
1805 4869 1956 4928 Coloniae.

583 5344 604 5370 ⁸-

634 5417 643 5430 Ο

332 5462 335 5469 .
666 5439 674 5459 r

425 5470 568 5616 Β,
