4696 5860
754 625 994 706 carilocus
1020 645 1394 708 aunocnarmcus
1415 617 1539 711 'novt
1906 673 1951 744 27

353 823 604 926 Gorgoazoloe
628 823 854 900 Sacerdotis.
887 827 1003 900 Anno
1027 827 1187 900 Domini
1217 830 1269 902 M.
1281 831 1513 906 CCCCCVl.
1542 834 1738 932 registrum
1759 873 1807 898 -
1838 837 1951 918 Char.

350 945 454 1042 goth.
472 945 533 1018 lat.
552 970 589 1041 p.
615 942 716 1014 1268.
738 956 775 1015 et
794 969 822 1013 1.
846 941 908 1014 fol.
934 969 1014 1015 non
1028 943 1117 1046 ¹[ign.
1134 944 1197 1016 lin.
1219 946 1277 1017 60.
1300 946 1322 1018 f.

539 1081 668 1136 Pauori
683 1077 931 1154 Annurypogr.
949 1082 983 1134 T.
993 1101 1021 1154 7.
1040 1101 1069 1155 p.
1081 1075 1143 1136 ³83.
1163 1083 1257 1156 N.47.

436 1221 560 1346 69-
580 1246 912 1344 RobertiHaguzizi
924 1249 970 1322 de
991 1264 1070 1322 arte
1088 1249 1340 1324 metrificandi
1358 1250 1475 1326 libelli
1496 1254 1673 1334 omnibus
1693 1258 1739 1332 ad
1761 1262 1953 1358 poeticam

349 1361 611 1437 anhelantibus
629 1378 705 1437 tam
719 1364 951 1464 jucundique
979 1365 1220 1441 omnifariam
1247 1367 1442 1443 fructiferi.
1471 1367 1570 1444 Cum
1596 1374 1761 1449 Udolrici
1774 1404 1848 1482 pro
1865 1399 1946 1457 arte
2004 1448 2013 1458 ,

348 1479 560 1554 carminum
574 1479 771 1554 Hexallico
784 1521 829 1537 -
845 1482 949 1556 Haec
967 1481 1006 1555 in
1024 1483 1150 1558 fronte
1178 1481 1240 1557 fol.
1265 1511 1297 1558 2.
1320 1485 1482 1585 Epistola
1505 1489 1671 1588 Symonis
1690 1493 1948 1572 Becomaderis

347 1595 528 1691 Angerici
542 1597 698 1670 Boberto
715 1598 888 1694 Gogm‘no
909 1599 1095 1698 inscripta.
1108 1639 1152 1656 -
1171 1601 1398 1680 f01.32.·lin.
1424 1630 1475 1677 11.
1497 1605 1582 1680 finis
1601 1609 1729 1684 totius.
1751 1606 1797 1667 —'
1813 1615 1950 1691 Honor

318 1693 323 1698 ’
346 1711 548 1786 immensus
567 1714 689 1787 tribus
710 1729 748 1789 et
772 1741 851 1787 uno
878 1715 1052 1812 genitrici
1074 1727 1194 1818 aeque
1221 1720 1339 1794 verbi.
1362 1721 1534 1820 lmprimi
1553 1726 1700 1802 curavit
1722 1728 1886 1807 Phorcoe
1909 1735 1950 1809 in

345 1828 500 1902 aedibus
524 1829 974 1928 ThomaeAnselmiUdal.
997 1835 1191 1908 carz'nthus
1200 1837 1327 1912 Menfe
1340 1838 1505 1936 Septem.
1525 1841 1576 1914 M.
1586 1842 1633 1916 D.
1643 1846 1711 1918 Vl.
1724 1847 1835 1924 Char.
1849 1877 1945 1928 rom.

345 1935 483 2045 splenii.
503 1947 581 2022 foll.
601 1948 657 2021 32.
676 1975 755 2023 non
773 1949 859 2047 fign.
879 1948 941 2022 lin.
961 1949 1018 2039 34.
1047 1955 1080 2040 4.
1193 2007 1198 2020 .

470 2165 476 2174 .
536 2087 665 2142 Panaeti
683 2087 789 2142 Annal.
809 2089 941 2164 Typogr.
964 2084 1037 2144 T08.
1055 2109 1084 2165 p.
1093 2065 1156 2166 229.
1172 2091 1211 2146 Ν.
1224 2093 1266 2146 ι6.
1315 2057 1316 2063 =

442 2278 498 2349 70.
510 2295 557 2310 —
577 2254 710 2330 Jacobs·
728 2257 995 2356 thphelmgi
1010 2257 1056 2329 de
1078 2257 1293 2354 integritate
1315 2260 1461 2337 libellus
1479 2290 1568 2340 cum
1587 2269 1751 2367 epistolis
1762 2283 1947 2374 praestan-

341 2366 570 2444 tillimorum
596 2374 783 2448 Virorum
807 2373 909 2446 hunc
930 2373 1098 2447 libellum
1122 2371 1417 2473 approbantium
1444 2386 1828 2478 et'confirmantium‚
1857 2423 1947 2478 ¹cum

343 2484 579 2583 thgmonni
592 2485 751 2584 Pladasa·
765 2489 927 2562 iambico
948 2488 994 2562 ad
1011 2489 1225 2588 Ephoebos.
1242 2533 1284 2552 ι·
1304 2481 1416 2568 Haec?
1432 2497 1470 2568 in
1493 2499 1620 2574 fronte
1644 2503 1706 2578 fol.
1731 2507 1868 2582 eodem
1887 2539 1945 2585 ca-

342 2601 424 2700 pita
443 2603 489 2674 ad
510 2603 737 2678 libellum-
757 2603 820 2678 fol.
847 2605 880 2676 3.
910 2605 1057 2678 libellus
1083 2607 1129 2679 de
1151 2607 1434 2708 integritate-
1452 2615 1516 2688 fol.
1535 2617 1592 2714 37.
1616 2620 1677 2695 lin.
1704 2626 1759 2707 16,
1782 2627 1945 2704 Joannes

248 2763 253 2768 -
341 2717 597 2792 Knobloucleus
607 2719 699 2792 civis
710 2719 978 2817 argentinenfis
989 2745 1034 2794 ex
1047 2723 1270 2826 Archetypo
1278 2725 1407 2802 denuo
1420 2731 1678 2834 imprimebat·
1701 2742 1815 2815 Anno
1835 2747 1944 2845 quin-

342 2823 547 2928 gentellmo
564 2836 687 2923 ferm,
708 2837 818 2936 supra
833 2837 1057 2912 milefimum
1076 2841 1144 2916 Xl.
1167 2843 1356 2920 Kalendas
1382 2848 1622 2928 Novembris.
1652 2855 1763 2933 Char.¹
1784 2861 1844 2936 lat.
1867 2863 1944 2940 foll.

343 2947 402 3044 37.
424 2949 486 3024 nn.
507 2951 564 3025 32.
592 2959 625 3041 4·

443 3157 448 3164 ι
469 3167 471 3174 y
532 3091 663 3147 Panzeri
681 3093 787 3148 Annal.
803 3092 936 3169 Typogr.
954 3095 989 3150 T.
999 3096 1026 3153 6.
1042 3099 1126 3173 935.
1145 3101 1184 3155 N.
1193 3103 1239 3175 93.

317 3316 320 3324 .
439 3283 556 3354 7r.-
578 3259 846 3349 Proverbzorum
862 3263 1010 3337 libellus
1029 3309 1074 3326 -
1092 3268 1255 3344 Haecin
1273 3271 1399 3352 fronte
1418 3275 1482 3350 fol.
1503 3280 1639 3356 eodem
1659 3283 1836 3387 Polydori
1852 3296 1941 3366 Ver-

334 3369 427 3480 gilii
442 3373 489 3447 ad
506 3374 647 3450 librum
657 3375 766 3451 fuum
777 3379 1089 3479 Epigramma-
1106 3384 1169 3458 fol.
1187 3414 1225 3472 a„
1238 3387 1418 3489 'Polydori
1437 3395 1593 3494 Vergilii
1605 3401 1714 3497 Epist.
1726 3404 1772 3480 ad
1789 3407 1940 3482 Gutum

341 3488 517 3562 Uboldum
543 3493 673 3564 llrbtiri
689 3494 849 3570 Ducem.
867 3539 913 3553 -
934 3498 997 3570 fol.
1027 3499 1060 3572 3.
1079 3499 1113 3572 b.
1136 3501 1305 3578 Libellus
1326 3510 1624 3606 proverbiorum
1642 3557 1693 3574 -
1707 3517 1770 3592 fol.
1795 3524 1853 3611 64.
1874 3527 1937 3601 lin.

205 3657 209 3663 .
334 3630 393 3699 27.
422 3606 641 3705 imprelfum
674 3610 830 3708 Venetizi
855 3639 926 3710 per
948 3613 1127 3688 Joannom
1160 3619 1206 3702 de
1232 3623 1353 3694 Coreto
1382 3622 1429 3695 de
1460 3625 1608 3701 Tn'dina
1643 3632 1732 3708 alias
1767 3638 1938 3717 Tacuino.

336 3719 445 3798 MD.
456 3725 522 3798 Vl.
543 3724 603 3800 die
621 3744 758 3826 quarto
773 3727 906 3802 meniis
925 3731 1026 3828 Maji.
1047 3733 1157 3807 Char.
1173 3735 1277 3832 goth.
1298 3736 1399 3812 latin.
1426 3738 1503 3817 foll.
1530 3746 1587 3833 64.
1613 3747 1675 3824 lin.
1694 3779 1751 3850 29.
1771 3763 1806 3844 4.

524 3863 652 3919 Pamrt
669 3865 773 3922 Anno.
794 3869 925 3940 Typogr.
948 3869 983 3922 Τ.
996 3863 1022 3922 8.
1043 3869 1081 3924 N.
1092 3871 1158 3944 349.
1375 3881 1376 3884 ’

432 4049 486 4120 72.
499 4069 544 4083 -
563 4029 751 4127 Expositzo
769 4033 992 4132 Hymnorum
1013 4061 1100 4109 cum
1106 4035 1307 4134 familiari
1322 4065 1541 4124 commento
1559 4052 1634 4128 iam
1657 4055 1802 4132 dudum
1822 4061 1861 4136 in
1878 4065 1937 4140 lu-
1998 4153 2001 4158 ¹

247 4185 257 4203 κ
307 4167 419 4218 ¹cem
436 4142 608 4217 edito-
626 4147 730 4220 Haec
751 4146 791 4221 in
809 4149 996 4224 fronte-
1014 4153 1061 4226 ad
1089 4155 1296 4233 finemfol.
1322 4164 1562 4260 79‚1b.1liher
1588 4166 1824 4271 hymnorum
1852 4208 1940 4257 cum

336 4261 493 4335 textuali
515 4260 894 4364 interpretatiunculas
915 4267 991 4343 iam
1011 4269 1155 4346 dudum
1174 4275 1357 4352 laboriose
1377 4288 1570 4382 congellus
1595 4287 1731 4365 iterato
1751 4298 1937 4396 repress'us

337 4376 434 4450 etin
454 4379 571 4452 domo
591 4379 784 4480 quondam
803 4383 959 4457 Henrici
977 4385 1131 4488 Quentel
1155 4393 1327 4467 Coloniae
1350 4399 1464 4472 Anno
1485 4403 1658 4502 Virginei
1678 4429 1811 4508 partus
1830 4415 1934 4492 sexto

334 4487 445 4590 supra
462 4493 513 4567 M.
536 4495 877 4596 quingenteflmum
892 4500 938 4574 ad
959 4503 1074 4578 finem
1092 4508 1226 4581 menfrs
1244 4511 1403 4609 Maji-
1423 4501 1605 4620 Sequitur
1623 4526 1749 4624 tabula
1771 4529 1935 4630 hymn0.
2012 4539 2015 4548 '
2055 4511 2058 4520 ¹

334 4632 434 4685 rum.
456 4610 567 4686 Char.
583 4613 686 4711 goth,
706 4615 857 4690 minufc.
886 4618 963 4692 foll.
979 4621 1064 4722 [ign.
1077 4623 1135 4724 69.
1157 4641 1195 4699 et
1218 4654 1246 4699 r.
1262 4654 1342 4702 non
1360 4631 1444 4730 ligo.
1463 4635 1527 4709 lin.
1546 4644 1604 4726 40.
1627 4641 1702 4716 loll.
1721 4647 1778 4744 69.
1803 4656 1835 4738 4.
1884 4626 1890 4633 '⁴

526 4753 655 4810 Ponzcri
673 4753 776 4810 huual.
796 4755 929 4832 Typogr.
949 4759 984 4813 T.
995 4759 1020 4815 6.
1037 4751 1072 4836 p.'
1082 4763 1145 4838 659
1165 4763 1220 4819 Nr.
1233 4785 1274 4820 ιι.
1294 4768 1374 4825 Haec
1383 4769 1472 4828 editio
1487 4775 1584 4832 differt
1599 4778 1634 4834 ab
1643 4780 1696 4835 illa
1706 4783 1843 4856 Panaeti,
1860 4808 1932 4862 quos

623 4845 773 4904 exhibetur
783 4848 833 4904 sub
847 4850 948 4910 tirruo:
968 4853 1117 4929 Expolltio
1135 4857 1321 4931 Hymnorum
1340 4883 1405 4922 cum
1421 4871 1546 4928 notabili
1562 4889 1731 4931 commento.

1655 4946 1740 5018 Da
