4706 5868
787 603 1027 664 CATALOGUS
1052 556 1427 666 alnuooitaefflcus
1452 609 1562 668 MDX.

659 783 802 838 reatinum
821 782 890 848 elle,
909 801 946 838 ex
960 784 1076 840 ῙόιΙιενί
1089 783 1184 840 lexico
1198 784 1316 843 litterar.
1334 785 1407 862 14.
1427 807 1456 862 p.
1467 785 1548 850 1261.
1566 784 1692 854 eonfiat,
1708 787 1759 844 ubi
1774 791 1857 846 inter·
1867 793 1973 870 scripta

660 870 827 930 Terrenum
845 875 931 930 etiam
946 874 1120 932 elucidariur
1138 875 1297 932 exhibetur.

472 1044 549 1140 137.
569 1081 617 1100 ···
638 1041 814 1116 ludovici
827 1043 986 1115 Heliuni
1000 1043 1240 1118 Vercellenfie
1272 1043 1403 1137 Christ.
1428 1047 1664 1122 Francorum
1687 1050 1787 1148 regie
1814 1053 1972 1126 Senato-

371 1163 443 1236 ris:
465 1187 506 1234 ac
527 1158 689 1234 oratoris
709 1159 755 1233 de
777 1158 876 1234 bello
896 1158 1126 1258 suscipiendo
1145 1161 1319 1236 adversus
1337 1163 1565 1237 Venerianus
1593 1181 1631 1239 et
1654 1167 1800 1242 Turcas
1826 1169 1969 1256 oratio,

369 1278 632 1352 Muxr'mr'lr'nno
650 1277 838 1374 Augusto,
865 1275 905 1348 in
933 1293 1126 1378 conuentu
1151 1277 1371 1377 presulum,
1408 1280 1648 1378 principum,
1678 1284 1907 1370 electorum,
1932 1303 1971 1360 et
2059 1317 2061 1323 ·

369 1395 567 1470 civitatum
587 1393 736 1467 romani
760 1392 912 1490 imperii
928 1392 1026 1466 dicta
1044 1393 1084 1466 in
1102 1393 1264 1490 Augusto
1286 1395 1470 1468 Vindelico
1487 1399 1552 1469 IV.
1578 1395 1666 1470 ldus
1679 1400 1833 1497 Aprilis.
1855 1401 1970 1474 Anno

368 1527 520 1616 apertu
538 1507 707 1607 Virginis
723 1507 908 1580 Milefimo
929 1509 1227 1608 quingentefimo
1249 1510 1407 1586 decimo.
1432 1557 1475 1570 -
1495 1513 1600 1586 Haec
1619 1513 1661 1616 in
1676 1515 1811 1590 fronte.
1832 1557 1874 1571 -
1898 1518 1961 1590 fol.

370 1629 454 1705 eod.
472 1628 507 1700 b.
528 1625 690 1725 Epistola
708 1623 841 1698 Jacobs
860 1625 1039 1698 Bannr'rii
1061 1627 1108 1700 ad
1129 1627 1345 1726 Stephanum
1369 1627 1619 1702 ‘Porchzerritm
1643 1631 1871 1732 Episcopum
1900 1633 1970 1707 Pa-

368 1745 567 1821 rifienlem.
586 1781 633 1798 ·-
654 1743 812 1814 Helroni
825 1743 978 1816 venatio
994 1743 1150 1816 leonum
1167 1743 1206 1816 in
1225 1771 1299 1845 qua
1314 1745 1415 1838 Pom.
1427 1745 1528 1819 Marc.
1546 1743 1645 1843 Caff
1656 1749 1749 1846 Aug.
1761 1750 1845 1823 Rex
1853 1751 1967 1824 Fran-

368 1887 506 1946 corum,
526 1861 610 1934 Rex
628 1859 841 1957 Aragom‘ae
859 1876 1060 1934 venatores
1073 1859 1164 1970 ².f⁰¹‘
1188 1861 1241 1934 18.
1268 1861 1330 1934 lin.
1354 1889 1406 1960 ¹9·
1434 1861 1652 1960 imprellum
1672 1864 1854 1965 Augustae
1870 1867 1966 1941 Vin-

369 1981 581 2056 delicorum
598 2003 667 2077 per
692 1978 871 2050 Ioannem
890 1976 1046 2050 Olbmnr
1062 1976 1163 2077 apud
1180 1977 1395 2054 Cenobium
1412 1978 1559 2055 sanctae
1585 1980 1732 2076 Ilrsulae
1749 1981 1801 2055 cis
1828 1975 1963 2056 Lr'rum.

369 2099 485 2172 Anno
511 2095 637 2183 salutis
670 2095 858 2170 humanae
884 2094 1053 2168 M.D.X.
1081 2094 1142 2168 die
1168 2093 1378 2196 x11.May.
1405 2096 1515 2172 Char.
1542 2099 1603 2172 lat.
1626 2097 1759 2196 glollae
1786 2116 1825 2174 et
1845 2125 1963 2198 marg.

366 2215 443 2290 soll.
465 2216 518 2289 18.
536 2213 600 2288 lin.
612 2213 670 2286 30.
688 2218 721 2302 4.
1214 2243 1223 2254 ’

424 2335 433 2360 ⁸
556 2353 685 2408 Pnnzerr‘
698 2349 803 2406 Annei.
823 2351 954 2426 Typogr.
972 2351 1007 2406 T.
1016 2349 1043 2406 6.
1061 2370 1090 2426 p.
1102 2345 1163 2420 138.
1179 2351 1217 2408 N.
1227 2353 1273 2407 52.
1291 2351 1393 2429 Zapfir‘
1407 2353 1513 2409 Annal.
1531 2348 1663 2430 Typogr'.
1680 2354 1766 2428 p.53.
1784 2354 1881 2410 eadem
1899 2374 1963 2413 ora·

651 2444 693 2498 tio
709 2441 786 2518 apud
803 2443 967 2499 Freherum.
986 2445 1068 2498 Tom.
1079 2459 1105 2500 2.
1123 2463 1152 2518 p.
1162 2445 1316 2500 manacta
1330 2444 1658 2521 Comitialogioa·huiua
1676 2447 1746 2502 anni
1762 2445 1964 2514 demonstrant,

644 2535 771 2590 Galliam
788 2553 847 2590 non
863 2535 954 2591 solum
973 2535 1162 2592 fundamenta
1178 2539 1230 2592 Sui
1239 2552 1423 2612 potentatus,
1439 2536 1486 2592 sed
1503 2537 1589 2593 etiam
1606 2538 1761 2594 sanctionis
1770 2541 1964 2613 germanicae,

646 2629 811 2704 praesertim
822 2630 932 2684 intuitu
950 2632 1047 2685 curiae
1055 2633 1203 2687 Romanae
1217 2629 1351 2704 poluiffe;
1370 2629 1496 2696 effeetus,
1511 2649 1584 2704 quoe
1599 2630 1686 2686 modo
1700 2629 1883 2688 revolutione
1893 2631 1963 2688 Gal·

643 2719 702 2774 liae
717 2718 799 2774 linita
809 2718 967 2776 hodiedum
984 2723 1071 2776 etiam
1082 2724 1114 2777 in
1127 2722 1282 2777 Germania
1296 2723 1447 2789 videmur,
1465 2722 1615 2778 conatibus
1631 2722 1776 2798 gallorum
1793 2742 1868 2778 anno
1882 2724 1961 2778 1510.
2085 2749 2087 2754 ·

640 2811 781 2886 incaeptis
805 2811 970 2868 omnimode
994 2813 1166 2888 respondent
1180 2843 1216 2857 -
1233 2813 1403 2880 adnotatio,
1422 2813 1635 2891 Bibliographo
1659 2831 1771 2871 tantum
1799 2795 1960 2872 indidenter

643 2903 782 2977 permilla.
1145 2897 1154 2912 “
1865 2925 1869 2934 ’

453 3073 531 3147 138.
550 3112 600 3128 -
615 3069 880 3145 Christianismi
898 3069 1064 3144 doctoris
1078 3071 1236 3150 Joanm's
1257 3072 1303 3146 de
1321 3072 1452 3170 Gerson
1480 3071 1602 3146 fermo
1620 3073 1667 3146 de
1683 3072 1851 3170 pallione
1877 3075 1959 3148 Do·

352 3191 465 3267 mini:
494 3214 618 3290 nuper
645 3217 666 3263 a
683 3187 829 3262 Gallico
854 3187 893 3260 in
908 3187 1067 3261 latinum
1091 3188 1357 3263 traductua.-
1373 3188 1532 3262 Haecin
1557 3189 1691 3260 fronte.
1709 3228 1760 3284 -γ
1775 3217 1863 3264 cum
1878 3193 1958 3264 ico·

351 3316 400 3386 n'e
417 3307 586 3384 crucifixi
602 3305 704 3404 ligno
721 3303 841 3378 incisa.
859 3345 905 3362 ·-
921 3303 984 3378 fol.
1008 3303 1090 3379 eod.
1110 3306 1143 3378 b.
1168 3307 1291 3380 Jounn
1315 3303 1624 3403 OtheriEpiflola.
1641 3345 1689 3360 -
1709 3303 1772 3376 fol.
1790 3331 1823 3377 2.
1848 3307 1956 3384 tabu-

350 3428 449 3502 la-
471 3427 533 3500 fol.
552 3431 609 3515 44.
626 3423 688 3496 lin.
707 3424 739 3496 8.
761 3421 966 3496 Sermones
984 3421 1030 3496 de
1046 3422 1238 3498 dominica
1261 3423 1427 3523 pallione
1452 3437 1520 3496 etc.
1536 3463 1584 3478 -
1611 3419 1769 3493 Joanm's
1789 3420 1957 3518 Gepimr's

350 3543 621 3617 celeberrimae
648 3539 924 3613 Parrhifiorum
955 3539 1184 3614 Academiae
1211 3540 1406 3640 quondam
1421 3537 1663 3613 Cancellarii:
1693 3535 1778 3612 finis
1795 3540 1952 3638 Argenr'-

349 3663 421 3733 nne
441 3658 493 3731 M.
503 3656 550 3729 D.
565 3655 613 3728 X.
634 3655 759 3730 menie
786 3657 898 3754 Majo.
916 3655 1029 3730 Char.
1052 3657 1154 3755 goth.
1178 3656 1254 3729 foll.
1272 3661 1329 3746 44.
1347 3682 1427 3730 non
1442 3681 1545 3730 num.
1567 3654 1629 3728 lin.
1646 3653 1703 3727 36.
1720 3661 1753 3743 4.

539 3795 669 3852 Pomeri
683 3791 789 3848 Annal.
807 3795 940 3869 Typogr.
962 3796 996 3849 T.
1006 3794 1035 3856 6,
1051 3815 1081 3870 p,
1091 3796 1138 3852 51,
1155 3795 1195 3854 N,
1205 3795 1286 3870 204·
1322 3823 1324 3831 .

445 3983 522 4084 139.
543 4023 589 4040 -
607 3979 777 4054 Albertus
797 4007 952 4078 magnus
979 3981 1025 4054 de
1053 3979 1212 4059 secretis·
1225 3983 1430 4058 mulierum
1455 3999 1493 4056 et
1516 3981 1698 4056 virorum.
1721 4029 1764 4042 -
1793 3982 1953 4058 Haecin

345 4099 473 4176 fronte
490 4125 578 4174 cum
596 4099 706 4174 icone
722 4097 908 4171 Albertum
923 4099 1240 4198 repraesentante.
1257 4101 1321 4174 fol.
1338 4101 1394 4172 32.
1413 4099 1475 4173 lin.
1498 4125 1550 4171 ro.
1578 4098 1795 4200 imprellum
1811 4101 1952 4198 Argen-

344 4219 446 4288 tinue
466 4241 536 4314 per
559 4215 740 4290 Mothrim
756 4214 917 4315 Hupstff
928 4240 1026 4289 anno
1043 4214 1225 4289 milefimo
1253 4216 1551 4316 quingentefimo
1571 4215 1729 4290 decimo.
1760 4217 1871 4292 Char.
1888 4219 1949 4294 lat.

346 4332 389 4408 in
403 4347 512 4436 textu
532 4331 646 4430 goth,
668 4347 705 4404 et
723 4332 876 4408 minusc.
892 4327 941 4406 in*
951 4349 1153 4408 comment.
1173 4333 1234 4406 fol.
1251 4333 1307 4406 32.
1326 4335 1389 4408 lin.
1408 4335 1465 4410 36.
1483 4331 1687 4432 penultimi
1703 4332 1767 4408 fol.
1785 4343 1818 4424 4.

534 4469 663 4525 Panaeti
681 4469 785 4524 Annal.
807 4457 947 4548 Typogr.
959 4473 995 4528 T.
1005 4471 1032 4530 6.
1053 4491 1082 4550 p.
1099 4473 1147 4529 51.
1168 4473 1206 4529 N.
1216 4471 1280 4530 206.

441 4643 519 4724 ι4ο.
538 4675 583 4696 ·-
607 4635 686 4706 Vita
704 4635 1002 4736 Phr'liffophomm
1021 4653 1060 4714 et
1075 4639 1266 4713 Poetarum
1283 4666 1371 4714 cum
1390 4638 1679 4714 auctoritatibus
1697 4656 1736 4714 et
1755 4639 1948 4714 sententiis

343 4755 465 4831 aureis
485 4752 696 4829 eorundem
718 4752 883 4829 armenie.
908 4797 958 4816 -··
983 4758 1088 4832 Haeo
1110 4755 1152 4830 in
1173 4757 1298 4832 fronte
1323 4781 1411 4832 cum
1434 4755 1604 4830 carmine
1632 4754 1881 4832 tumultuario
1896 4796 1946 4812 -
