4706 5868
792 623 1032 681 cararocos
1058 619 1432 685 aranooaararcus
1459 623 1580 682 tumr.
1943 614 1989 704 47

386 800 507 876 dedier
527 797 629 872 Laus
647 813 685 872 et
703 797 911 896 gratiarum
932 800 1029 874 actio
1049 799 1089 872 in'
1106 799 1228 873 secula
1239 798 1452 875 seculorum
1471 802 1608 874 Amen.
1635 799 1746 873 Char.
1759 823 1854 874 rom.
1867 799 1987 896 major

386 917 426 989 in
441 914 619 990 Psalterio
636 913 796 1020 minusc.
822 913 861 987 in
882 915 1096 988 Comment.
1120 917 1288 989 Litterae
1304 917 1581 1014 rubro-nigrae.
1610 915 1819 991 Columnae
1836 915 1985 1016 tripart.

387 1032 466 1106 soll.
492 1057 574 1130 290.
596 1029 659 1102 lin.
675 1034 732 1118 42.
758 1030 797 1102 in
814 1030 919 1105 Psalt.
941 1033 997 1105 56.
1016 1032 1057 1104 in
1075 1032 1290 1105 Comment.
1311 1032 1335 1104 s.

576 1170 705 1224 Rumori
723 1167 827 1225 Annal.
847 1169 979 1245 Typogr.
998 1171 1034 1226 Τ.
1054 1187 1079 1236 7.
1098 1189 1127 1245 p.
1137 1165 1201 1225 538.
1219 1169 1258 1224 N.
1269 1169 1332 1226 ³31.
1353 1172 1454 1228 Matri.
1470 1169 1504 1228 T.
1515 1185 1541 1224 a.
1562 1169 1600 1226 N.
1611 1170 1674 1226 105.

1102 1336 1154 1408 Μ.
1167 1335 1213 1410 D.
1224 1337 1273 1410 X.

486 1453 565 1543 134.
576 1495 627 1510 -
644 1453 759 1551 Opera
779 1451 973 1553 Pompom'i
984 1455 1150 1525 Laeti-
1168 1455 1363 1526 Romanae
1383 1453 1560 1528 'historiae
1577 1452 1848 1552 compendium
1869 1452 1915 1525 ab
1933 1453 1989 1525 in-

386 1565 503 1644 teritu
520 1571 700 1643 Gordiani
711 1567 872 1666 junioris
903 1568 1020 1668 usque
1040 1567 1086 1643 ad
1108 1565 1280 1664 Itrstr'rrum
1301 1573 1452 1642 tertiam.
1470 1612 1519 1626 -
1537 1571 1754 1669 Pomponius
1783 1568 1829 1642 de
1848 1569 1988 1643 Roma·

288 1685 289 1688 ’
382 1712 524 1760 norum
543 1685 838 1796 Magistratibus‚
855 1684 901 1758 de
919 1684 1166 1772 sacerdotiis,
1183 1685 1229 1760 de
1247 1681 1511 1786 temperius,
1528 1687 1574 1760 de
1592 1687 1736 1786 legibus
1756 1687 1802 1760 ad
1822 1687 1872 1760 M.
1893 1686 1990 1758 Pan·
2035 1703 2036 1708 ’

380 1802 571 1901 tagathum
583 1842 627 1861 -
646 1801 739 1875 item
758 1800 804 1874 de
821 1799 1110 1902 antiquitatibus
1137 1802 1243 1876 urbis
1263 1803 1409 1878 Romae
1431 1802 1598 1887 libellus,
1625 1804 1690 1904 qui
1712 1803 1908 1903 Pomponio
1924 1802 1989 1876 ad·

381 1919 564 1994 scribitur.
585 1961 632 1976 -
653 1919 847 2017 Pomponii
867 1918 1042 2018 epistolae
1066 1919 1213 2018 aliquot
1238 1920 1514 1993 familiares.-
1535 1917 1730 2020 Pomponii
1745 1920 1823 1993 vita
1845 1945 1916 2018 per
1931 1917 1986 1990 M.

192 2015 208 2096 .‘
247 2023 259 2034 ’
356 2115 358 2122 ,
382 2037 580 2118 Antoniam
597 2036 825 2109 Sabellicum.
841 2079 884 2095 -·
908 2036 1013 2109 Haec
1033 2036 1072 2108 in
1091 2035 1217 2109 sro‘nte
1230 2079 1276 2098 -
1296 2035 1360 2109 sol.
1382 2019 1599 2112 eodlndcx
1615 2036 1816 2110 Caesarum
1834 2035 1991 2133 -Epi-

381 2154 471 2227 stola
491 2155 611 2252 Pomp.
632 2153 744 2226 Laeti
757 2152 803 2226 ad
821 2153 946 2226 Fratre.
974 2152 1149 2250 Bergium
1176 2151 1405 2252 Episcopum
1424 2153 1653 2228 teanensem.
1675 2195 1724 2211 -
1744 2151 1807 2226 sol.
1830 2179 1857 2223 r.
1878 2152 1990 2223 Rom.

381 2270 470 2342 Hill.
492 2269 774 2369 Compendium
792 2267 1021 2368 incipit-s.
1045 2272 1102 2364 67.
1121 2268 1156 2341 b.
1176 2267 1239 2341 lin.
1265 2269 1317 2341 18.
1343 2267 1581 2368 Argentorati
1600 2269 1640 2341 in
1660 2269 1812 2342 libraria
1833 2267 1989 2342 officina

383 2386 550 2460 Mathiae
574 2386 764 2458 Sehdrerr‘i
782 2385 923 2459 artium
942 2384 1109 2458 doctoris
1139 2384 1264 2458 mense
1288 2385 1471 2459 Januario
1494 2410 1592 2458 anno
1613 2411 1634 2456 a
1657 2383 1835 2458 felicitate
1856 2384 1990 2458 huma·

385 2528 456 2578 nae
467 2502 591 2576 salutis
609 2501 719 2580 MD.
731 2501 780 2592 X.
808 2500 1027 2574 Chanrom.
1041 2497 1228 2598 etegjfott.
1241 2501 1298 2595 67.
1318 2500 1494 2598 nonfign.
1507 2499 1570 2572 lin.
1582 2498 1639 2570 33.
1651 2571 1653 2574 ,
1666 2505 1700 2585 4.

577 2641 704 2694 Panaeti
720 2636 825 2691 annal.
844 2639 978 2711 Typogr.
997 2640 1033 2700 T.
1043 2637 1071 2699 6.
1085 2658 1113 2714 p.
1121 2647 1167 2714 49.
1187 2637 1300 2711 N·193·

484 2825 562 2898 135.
574 2867 621 2881 -
642 2824 827 2926 Baptistae
845 2827 1045 2900 Mantuani
1054 2827 1149 2926 vatis
1165 2823 1459 2926 praestantissimi
1478 2799 1651 2899 divinum
1660 2823 1819 2898 secunde
1832 2823 1989 2899 Parthe-

385 2943 488 3017 nices
501 2969 607 3042 opus.
635 2941 1057 3018 Sacrolanctaedivinae
1077 2943 1299 3016 Catharr'rrae
1316 2941 1523 3041 passionem
1539 2942 1696 3016 heroico
1717 2941 1884 3017 carmine
1904 2941 1988 3016 illu·

384 3063 498 3132 strans
517 3075 585 3132 etc.
597 3095 643 3114 -
654 3067 827 3143 Τελος.-
846 3061 951 3134 Haec
964 3060 1004 3133 in
1015 3059 1200 3134 sronte-
1215 3059 1276 3132 sol.
1290 3059 1371 3134 eod.
1388 3059 1422 3132 b.
1435 3051 1634 3142 Mantuani
1644 3058 1807 3157 Epistola
1824 3059 1870 3134 ad
1880 3060 1986 3132 Bem-

384 3175 464 3248 bam
490 3191 587 3276 patr.
605 3177 848 3250 Venetum—
863 3177 926 3250 sol
946 3203 978 3250 2.
997 3176 1031 3250 b.
1054 3175 1188 3276 incipit
1202 3177 1402 3250 Mantuani
1421 3177 1585 3252 Carmen
1607 3176 1669 3248 sol.
1690 3175 1747 3264 34.
1775 3175 1837 3248 lin.
1855 3177 1911 3248 30.
1934 3176 1986 3250 sc·
2081 3217 2085 3224 ·

384 3293 527 3367 crmdae
545 3292 780 3376 Parthenias
800 3320 897 3393 opus
916 3293 1088 3368 divinum
1109 3295 1282 3368 Coloniae
1300 3292 1517 3394 impressum
1535 3293 1575 3367 in
1586 3293 1702 3367 domo
1720 3272 1894 3392 Qrientell.
1906 3293 1985 3364 An-
2003 3307 2008 3316 '
2037 3391 2038 3394 Ἴ

383 3435 435 3490 uo
457 3409 675 3486 nativitatis.
691 3410 903 3505 dominicae
928 3409 1040 3484 MD.
1049 3409 1099 3483 X.
1120 3409 1255 3484 ultima
1284 3408 1384 3506 Maji.
1409 3409 1520 3484 Char.
1541 3409 1644 3506 goth.
1663 3407 1739 3480 soll.
1757 3407 1815 3494 34.
1836 3406 1900 3479 Ιίη.
1921 3406 1980 3480 33.

386 3525 525 3624 Spatiis
540 3524 721 3623 interject.
750 3533 784 3612 4.
953 3618 958 3628 .

577 3665 705 3720 Panaeti
720 3664 828 3719 Annal.
848 3664 980 3738 Typogr.
1000 3663 1035 3718 Τ.
1044 3662 1071 3720 6.
1090 3683 1119 3739 p.
1138 3663 1200 3740 369.
1221 3663 1281 3738 ι96.

483 3829 616 3902 136-
635 3831 867 3902 Elucidan'us
892 3831 1098 3901 Carminum
1117 3844 1155 3904 et
1170 3826 1408 3924 Historiarum
1425 3869 1475 3886 -
1498 3829 1558 3903 vel
1584 3827 1847 3926 vocabularius
1863 3827 1987 3925 poeti·

385 3971 451 4017 cus
470 3943 668 4020 continens
685 3943 848 4028 fabulas,
864 3944 1054 4030 historias,
1068 3944 1284 4044 provincias
1296 4000 1305 4032 ‚
1317 3945 1451 4030 urbes,
1472 3945 1616 4030 insutas,
1629 3942 1765 4016 lluvios
1783 3959 1822 4016 et
1836 3959 1986 4019 montes

386 4058 543 4133 illustres
552 4067 566 4146 ,“
584 4059 784 4156 diligenter
801 4060 927 4134 denuo
946 4061 1087 4136 revisus
1106 4107 1148 4122 -
1170 4061 1261 4135 item
1283 4061 1468 4135 vocabula
1492 4076 1529 4133 et
1554 4057 1986 4158 interpretationea'gre-

314 4263 317 4270 .
385 4201 521 4248 corum
542 4191 580 4250 et
604 4175 891 4251 hebraicorum:
913 4205 990 4252 una
1016 4205 1104 4252 cum
1127 4178 1320 4253 vocabulis
1346 4175 1613 4270 communibus
1643 4175 1921 4250 Saracenorum
1946 4176 1986 4249 in

384 4293 544 4366 latinum
562 4292 768 4368 translatis:
789 4311 826 4368 et
843 4294 924 4368 aliis
944 4295 983 4368 in
1001 4296 1076 4370 sine
1095 4296 1278 4393 adjunctis
1291 4341 1335 4355 -
1352 4295 1457 4367 Haec
1477 4293 1516 4364 in
1533 4291 1657 4366 sronte
1676 4335 1723 4352 κ-
1739 4292 1801 4366 sol.
1821 4293 1904 4366 eod.
1922 4291 1987 4366 To-

382 4411 521 4494 rentini
535 4411 713 4482 Electonir
730 4411 970 4508 Prologus-
992 4409 1160 4512 sequitur
1177 4413 1240 4487 sol.
1259 4438 1293 4502 a.
1307 4409 1545 4484 Elucidarius
1555 4451 1606 4465 -
1619 4407 1681 4482 fol.
1694 4410 1752 4480 60.
1772 4407 1834 4482 lin.
1847 4410 1905 4508 39.
1915 4409 1986 4483 im·

384 4524 526 4626 pressus
543 4525 769 4622 Argentariae
790 4553 860 4627 per
885 4529 1059 4600 Ioannem
1081 4517 1183 4601 'Prata
1200 4529 1239 4600 in
1258 4526 1413 4601 ollicina
1430 4527 1553 4599 sua-
1571 4526 1686 4600 Anno
1704 4523 1829 4601 salutis
1851 4526 1985 4600 huma·

383 4667 455 4718 nae
474 4643 526 4717 M.
541 4643 774 4718 CCCCC.X.
801 4645 914 4718 Char.
933 4645 1200 4742 gothminusc.
1223 4643 1299 4718 soll.
1314 4669 1393 4718 non
1410 4643 1495 4742 fign.
1515 4644 1572 4716 60.
1592 4643 1654 4716 lin.
1673 4643 1730 4731 48.
1746 4648 1780 4731 4.
1867 4651 1874 4657 ”
1919 4711 1924 4722 ,
2033 4687 2038 4696 ·

578 4781 721 4841 Panaeti
739 4782 843 4840 annal.
863 4785 994 4859 Typogt.
1013 4785 1049 4840 T.
1066 4784 1092 4842 6.
1110 4803 1138 4860 p.
1154 4775 1257 4856 46.‘N.
1277 4778 1564 4843 161.'T01rentinam
1580 4779 1676 4850 hune,
1693 4781 1896 4840 Hemonam
1915 4781 1984 4834 Tor·
