4636 5878
678 619 920 682 cirsnoous
944 616 1320 678 urnuoonirnrcus
1345 619 1586 679 nnnxxxrv.
1782 676 1786 688 ,
1827 612 1916 708 ,225
2044 645 2046 650 ·

724 765 728 772 ’
787 827 800 866 .·
889 796 1297 898 =m.·u;1.xxx1v.
1425 843 1428 852 .
1500 795 1504 804 ⁴

412 938 495 1036 692.
521 977 571 993 -
601 938 751 1010 Carmen
766 936 965 1033 elegiacum
981 935 1027 1008 de
1042 933 1144 1034 lapsu
1160 936 1308 1034 generis
1324 934 1500 1010 humani:
1520 953 1558 1011 et
1574 935 1766 1014 laetissima
1779 939 1916 1014 nativi·

172 1120 182 1136 ,
316 1071 394 1130 tate
412 1053 495 1152 Jesu
510 1052 634 1126 chriti
649 1055 698 1129 D.
715 1051 943 1128 redemtoris
962 1067 999 1126 et
1016 1051 1254 1128 immanuelis
1271 1053 1385 1126 nostri
1402 1053 1516 1128 unici.
1532 1054 1706 1153 Scriptus
1724 1083 1745 1128 a
1761 1057 1916 1132 bb'eolno

313 1171 420 1246 noro
457 1169 760 1248 smalclialdenll:
800 1171 959 1244 Viennae
988 1169 1156 1264 Austn'ae
1186 1167 1364 1244 excusum
1395 1169 1498 1271 typis
1525 1171 1705 1270 Stephani
1736 1174 1922 1273 Cnecigen’

314 1286 644 1384 M.DLXXXIV.
660 1326 708 1345 -
726 1289 789 1364 sol.
815 1286 894 1362 1.b.
914 1287 1165 1362 Hexalticbon
1183 1287 1340 1360 Joanm's
1355 1288 1581 1386 Henzzngen‘
1592 1289 1639 1362 de
1652 1289 1805 1364 nt‘colai
1817 1293 1922 1364 Hori

316 1403 483 1480 carmine
505 1447 552 1464 -
573 1405 637 1478 sol.
659 1433 693 1478 2.
717 1404 880 1506 Epistola
899 1401 1132 1480 dedicatoria
1147 1405 1322 1477 auctoris.
1341 1403 1407 1478 sol.
1425 1407 1459 1480 5.
1478 1404 1516 1480 b:
1531 1431 1697 1482 carmen.
1716 1449 1761 1466 -
1788 1407 1914 1481 finiti.

315 1521 349 1596 8.
373 1519 433 1595 bis
449 1520 627 1602 versibus.

503 1639 683 1741 Denique
705 1666 793 1714 cum
812 1637 963 1737 fragiles
982 1635 1183 1712 moriendo
1200 1635 1381 1736 ponimus
1400 1652 1522 1722 artus,

602 1757 777 1856 corporis
787 1812 798 1850 ,Ι
817 1772 908 1855 opta
929 1780 1024 1855 pace
1040 1752 1168 1829 obiille
1189 1755 1293 1828 linas.

315 1875 425 1950 Char.
444 1873 484 1950 in
502 1875 601 1974 epist.
621 1872 792 1986 grandis,
813 1872 853 1945 in
872 1895 988 1948 carm.
1007 1870 1161 1947 minusc.
1181 1870 1256 1944 soll.
1272 1871 1305 1945 8.
1323 1895 1403 1946 non
1419 1869 1543 1970 signat.
1561 1871 1624 1946 lin.
1644 1878 1702 1962 4ο.
1720 1881 1752 1962 4.

483 2013 674 2088 ,incognitus
692 2027 793 2071 auctor
811 2027 838 2066 et
857 2011 943 2086 ipsius
962 2029 1088 2066 carmen.
1148 2044 1151 2050 ·
1247 2065 1249 2072 ,

1023 2177 1077 2249 M.
1087 2175 1210 2248 DXC.

402 2319 488 2418 693.
517 2357 567 2382 -·
607 2318 745 2392 Chorus
771 2315 954 2413 Masonem
983 2340 1061 2390 rev.
1082 2313 1205 2388 Patris
1230 2311 1443 2413 amplissimi
1463 2341 1538 2416 que
1554 2317 1601 2390 D.
1613 2316 1661 2390 D.
1681 2319 1917 2418 Baltbasnn's

309 2435 563 2519 Poltzmanni,
596 2432 838 2510 celeberrimi
863 2431 1064 2508 monasteri
1088 2429 1354 2530 Neubnrgensts
1384 2431 1425 2506 in
1439 2429 1584 2529 Anstn'a
1605 2433 1812 2534 Praepositi
1834 2437 1915 2536 dig-

304 2551 427 2626 nistmi
446 2552 548 2626 diem
563 2552 730 2628 natalem
755 2575 894 2650 magno
904 2547 1084 2650 applausu
1093 2547 1443 2624 concelebrantium
1460 2550 1500 2624 in
1518 2551 1828 2652 qualemcunque
1840 2581 1914 2654 pro

305 2668 516 2742 innumeris
533 2669 725 2744 beneficiis
743 2668 789 2741 ab
807 2668 943 2756 eodem
957 2667 1006 2741 D.
1023 2665 1240 2766 Praeposito
1258 2663 1438 2767 persaepe
1453 2665 1493 2739 in
1511 2666 1668 2742 fratrem
1687 2669 1725 2742 S.
1735 2669 1871 2744 Franci
1883 2673 1922 2748 ci

306 2785 353 2860 de
378 2785 614 2862 observantia
638 2784 843 2859 liberaliter
862 2783 1007 2858 collatis
1025 2781 1120 2886 grati
1131 2782 1248 2856 animi
1263 2783 1558 2858 declarationem
1568 2783 1728 2884 scriptus
1745 2787 1783 2861 F.
1797 2787 1914 2862 Ionn-

306 2929 354 2975 ne
378 2903 571 2978 Domanico
596 2901 689 2998 Hess
712 2902 883 2977 eiusdem
912 2901 993 2975 ord.
1024 2927 1123 2974 men.
1150 2901 1197 2975 de
1228 2899 1422 2976 observen.
1447 2901 1623 2977 Authore
1660 2905 1820 2978 Viennae
1841 2907 1917 2980 Au·
1969 2915 1973 2922 ’

293 3020 415 3118 stn'ae
440 3043 487 3095 ex
514 3018 670 3094 officina
693 3019 971 3122 typographica
997 3017 1134 3092 viduae
1158 3015 1355 3092 ldz'chaelis
1375 3015 1521 3118 Apselei'
1541 3045 1640 3094 anno
1665 3021 1848 3098 M.DXC.
1866 3067 1915 3084 -

308 3139 413 3212 Haec
433 3137 473 3210 in
490 3137 617 3213 fronte
634 3179 682 3196 -
701 3135 765 3210 sol·
784 3163 816 3211 2.
846 3135 987 3212 chorus
1006 3133 1199 3209 musarum
1218 3178 1265 3194 -
1282 3134 1367 3209 finit
1388 3134 1520 3208 sol.15.
1546 3161 1634 3210 oum
1653 3140 1819 3217 carmine
1834 3143 1912 3218 He-

306 3271 478 3331 xametro
495 3252 638 3329 decano
650 3270 688 3328 et
703 3253 893 3330 canonicis
915 3250 1363 3352 diaeresim-Nenburgensis
1381 3251 1517 3340 dicato,
1536 3253 1647 3329 Char.
1661 3257 1814 3354 grandis
1833 3260 1911 3334 soll.

309 3375 363 3447 15.
382 3373 445 3448 lin.
465 3371 612 3446 soluit.
638 3378 692 3460 14.
705 3378 737 3461 4.

497 3511 544 3564 De
561 3509 722 3566 Dominico
742 3507 839 3562 Hell‘ro
856 3505 1033 3562 insontibus
1053 3524 1089 3560 ex
1105 3503 1210 3577 quibus
1223 3503 1302 3558 haut
1317 3503 1400 3560 nulla
1414 3519 1492 3560 extat
1507 3506 1622 3570 notitia.

400 3679 483 3775 694.
510 3717 560 3736 -··
592 3678 881 3750 Venumne'nnnm
900 3674 1231 3771 Henicelegr'ecum
1259 3671 1371 3746 novis
1394 3671 1561 3748 artificiis
1589 3677 1751 3774 poeticis
1782 3681 1911 3756 elabo-

303 3807 431 3869 ratum
453 3797 622 3886 constans
639 3791 829 3892 parodiis,
857 3789 1083 3874 antiteticis,
1117 3788 1393 3888 buryphalliis,
1423 3789 1703 3891 perileptianis,
1739 3796 1912 3898 dialogis-

304 3911 377 3984 mis
403 3908 683 4010 epanodoticis,
711 3905 920 4008 parallelis,
948 3904 1252 4006 centoparodiis,
1281 3904 1482 3992 bucolicis,
1500 3906 1757 4007 synocriticis,
1780 3915 1913 3990 sticho-

307 4026 511 4102 dilecticis:
538 4024 723 4112 leoninis,
749 4022 990 4124 anaphoricis
1016 4021 1349 4122 paronomallacis,
1375 4023 1649 4123 pyrrhichicis,
1672 4027 1910 4122 brachicolo,
1938 4093 1944 4108 .

303 4141 595 4241 monosyllabis,
616 4139 951 4227 concordantibus,
970 4139 1298 4240 thiopo'ematicis,
1319 4139 1592 4239 philomelicis,
1612 4143 1911 4236 intercalaribus,

303 4278 344 4337 et
363 4259 543 4336 limilibus
556 4253 918 4360 repetitionibus'de
939 4256 1152 4333 admirabili
1173 4255 1296 4331 cbrilli
1311 4257 1508 4334 nativitate
1522 4258 1690 4336 dicatum
1701 4263 1920 4343 admodum

303 4377 517 4455 reverendo
536 4378 665 4452 illustri
683 4394 752 4454 etc.
770 4379 818 4453 D.
838 4375 1422 4477 SigesmnndiFniien'cofuggero
1437 4374 1558 4451 libero
1576 4377 1719 4454 Baroni
1730 4380 1769 4456 in
1780 4384 1911 4456 Kimb-

298 4511 446 4597 perget
468 4495 717 4594 Weissenborn
735 4491 993 4594 salisburgensi
1010 4491 1206 4566 Canonico
1226 4519 1248 4566 a
1267 4491 1422 4592 Caspero
1440 4495 1667 4589 Lersentn'nb
1684 4526 1707 4572 a
1727 4500 1911 4600 Julnberg

309 4615 470 4686 Wennae
486 4610 654 4710 Austn'ne
680 4610 891 4686 excudebat
906 4611 1082 4683 Ns'eolaus
1104 4609 1246 4682 Pienies
1264 4633 1365 4684 anno
1382 4610 1559 4686 M.DXC.
1570 4654 1617 4670 -
1636 4616 1742 4690 Haec
1764 4616 1908 4692 infron.
1936 4661 1943 4667 .-

305 4747 403 4805 te-
418 4729 483 4804 sol.
499 4757 527 4805 1.
548 4731 583 4806 b.
600 4731 839 4808 Vertumnus
855 4728 893 4803 in
911 4725 1073 4830 persona
1091 4725 1237 4804 clientis
1256 4728 1465 4804 maecenati
1484 4728 1632 4806 dedicat
1650 4732 1802 4809 disticha
1818 4735 1911 4814 3.-

359 4889 450 4966 Voll.
480 4889 537 4996 II.¹
903 4985 907 4992 Ι
1552 4889 1627 4964 Ff
