4696 5860
369 620 439 717 '32
742 675 745 680 ¹
787 668 1028 727 carscocus
1054 667 1439 728 aratrocnsrmcus.
1466 669 1601 727 uovn.

492 841 550 936 87.
568 881 615 900 -
645 843 762 943 Opera
791 847 998 945 Virgilium
1018 847 1128 920 docte
1155 861 1192 920 et
1213 847 1450 922 familiariter
1475 847 1641 947 exposta
1655 877 1679 938 ιλ
1698 847 1810 921 docte
1840 849 1997 948 quidem

395 957 574 1033 Bucolica
595 977 633 1032 et
662 962 852 1061 Georgica
876 966 1052 1048 aseivit,
1077 965 1223 1038 Donato
1250 981 1288 1039 et
1314 966 1538 1039 Mancritello
1569 991 1657 1038 cum
1682 965 1992 1038 annotationibus

394 1075 653 1151 Beroaldinis:
680 1079 821 1154 Aeneis
837 1108 930 1156 vero
959 1082 1004 1156 ab
1026 1081 1160 1158 iisdem
1189 1100 1341 1181 praeter
1365 1084 1627 1158 Mancinellum
1660 1098 1698 1157 et
1722 1082 1769 1156 ab
1799 1079 1998 1179 Augustino

299 1197 302 1206 ⁴
392 1191 517 1266 Dario
533 1195 571 1267 in
590 1195 671 1270 eius
695 1196 895 1296 principio.
925 1198 1208 1297 Opusculorum
1224 1216 1424 1296 praeterea
1437 1201 1624 1300 quaedam
1652 1228 1672 1273 a
1698 1201 1890 1272 Dominico
1911 1200 1992 1271 Cal-

389 1309 524 1385 derino.
552 1313 803 1388 Familiariter
817 1341 910 1388 vero
931 1316 1060 1389 omnia
1075 1332 1153 1390 tam
1171 1341 1308 1415 opera,
1329 1342 1444 1416 quarn
1460 1315 1638 1417 opuscula
1655 1317 1701 1391 ab
1719 1317 1848 1392 lodoco
1874 1317 1994 1389 Badio

391 1425 561 1526 Ascensio
579 1472 629 1486 -
647 1430 888 1504 recensentur
913 1432 1111 1530 opuscula,
1134 1459 1211 1532 quo
1237 1431 1370 1505 ordine
1391 1450 1477 1506 ante
1496 1432 1666 1508 Aeneida
1687 1433 1805 1531 pofita
1831 1433 1926 1508 sunt.
1945 1473 1995 1490 -

393 1543 554 1640 Signum
583 1560 732 1644 typogr.
760 1574 848 1621 cum
876 1546 1145 1646 subscriptione
1175 1549 1320 1622 Iohunn
1347 1549 1449 1622 Petri.
1470 1593 1515 1608 --
1541 1551 1643 1624 Dein
1661 1549 1707 1624 ad
1733 1551 1874 1625 calcem
1895 1577 1991 1650 quae

393 1660 522 1732 omnia
540 1660 679 1760 abipso
696 1663 864 1760 Ascensto
878 1664 1071 1764 impendio
1090 1667 1248 1738 Ioannis
1261 1669 1371 1764 parui
1382 1666 1588 1766 compressa
1604 1683 1642 1740 et
1665 1668 1862 1765 recognita
1880 1694 1989 1766 prae-

392 1779 486 1848 stant
503 1774 568 1850 sub
587 1779 718 1853 Leone
736 1799 914 1880 argenteo
937 1783 1037 1882 apud
1062 1783 1216 1879 Parisiis
1240 1783 1279 1856 in
1300 1782 1362 1856 via
1389 1783 1493 1881 regia
1515 1783 1560 1858 ad
1588 1784 1720 1856 divum
1745 1783 1922 1856 Iacobum.
1943 1826 1993 1840 -

393 1891 499 1966 Haec
524 1896 654 1970 omnia
679 1895 716 1969 in
743 1898 878 1972 sronte.
915 1900 1152 1974 Praecedunt
1179 1900 1359 2004 operibua
1384 1901 1532 1998 Virgilii
1552 1899 1714 1998 Epistola
1738 1901 1864 1972 lodoci
1880 1901 1998 1973 Badi'i

393 2009 561 2108 Ascensii
570 2014 615 2087 ad
632 2013 680 2087 D.
700 2014 908 2112 Anselmum
929 2016 974 2091 de
997 2001 1156 2091 Breuere.
1184 2013 1401 2116 subscripta
1418 2043 1463 2090 ex
1487 2015 1643 2090 officina
1660 2015 1843 2089 litteraria
1859 2018 1897 2088 in
1909 2015 1991 2086 ‘Pa-

390 2115 551 2223 restitum
575 2131 719 2204 Lutetia
739 2133 785 2208 ad
807 2151 986 2216 octavum
1001 2135 1189 2209 Kalendas
1205 2135 1326 2232 Majus
1344 2133 1429 2206 DV.
1457 2148 1496 2208 et
1520 2130 1648 2207 rursus
1673 2132 1859 2206 Novemb.
1883 2131 1987 2204 Anni

391 2243 728 2348 abiredemptione
755 2251 921 2327 humana
942 2251 1108 2326 MDVll.
1134 2251 1281 2327 Tabula
1304 2268 1480 2326 content:
1498 2293 1549 2309 -
1572 2251 1713 2324 Laudis
1735 2249 1923 2324 Praefatio
1944 2293 1989 2308 -
2114 2327 2120 2333 ,

388 2359 572 2460 Epistulae
591 2391 624 2440 2.
644 2367 1214 2467 Mancrbelli-Badzi'Ascensri
1226 2385 1540 2470 praenotamenta
1556 2395 1645 2442 eum
1656 2370 1773 2441 Servii
1783 2381 1988 2441 comment.

389 2477 489 2554 libro
509 2482 572 2556 fol.
593 2511 621 2557 1.
649 2483 836 2585 incipiunt
857 2487 1050 2590 Aeglogae
1067 2530 1118 2544 -
1135 2488 1197 2562 fol.
1214 2513 1296 2560 202.
1323 2487 1385 2560 lin.
1405 2487 1464 2560 30.
1491 2485 1576 2559 finis
1601 2484 1881 2585 opusculorum.
1914 2483 1989 2556 Ha-

386 2593 453 2670 bes
472 2596 588 2696 igitur
605 2599 782 2678 inventus
796 2603 943 2704 optima
957 2605 1165 2704 vergiliana
1181 2603 1260 2680 sere
1278 2631 1396 2706 opera
1413 2602 1649 2678 familiariter
1661 2603 1868 2701 explanata.
1887 2603 1987 2675 Nam

385 2713 600 2813 priapeium
613 2715 849 2804 ‚‘0bscenum
868 2721 960 2795 illud
976 2723 1169 2822 epigrama
1187 2748 1266 2797 non
1284 2721 1552 2820 vergilianam,
1580 2719 1641 2795 sed
1669 2718 1891 2794 ovidianum
1920 2717 1989 2792 elie

386 2831 426 2904 in
444 2831 538 2907 sacie
562 2833 675 2910 huius
697 2839 902 2912 voluminis
920 2837 983 2911 seu
1004 2838 1121 2924 libelli
1138 2839 1262 2913 ultimi
1284 2839 1363 2938 (sol.
1384 2840 1461 2928 146.
1478 2838 1531 2936 b.)
1552 2837 1864 2936 praenotavimus
1881 2865 1889 2908 :
1906 2843 1988 2908 'cu-

382 2947 593 3056 iuscunque
615 2970 743 3027 autern
760 2957 826 3042 est,
854 2954 1053 3052 indignum
1068 2959 1134 3042 est,
1161 2955 1265 3054 quod
1280 2955 1496 3029 Christianis
1521 2982 1550 3027 1.
1568 2953 1670 3026 castis
1688 2952 1842 3026 auribus
1868 2977 1984 3051 expo·

383 3080 506 3142 natur.
535 3067 754 3144 Catalecton
768 3097 861 3145 vero
882 3097 962 3145 non
984 3073 1141 3169 siergilzb
1160 3069 1222 3144 sed
1239 3096 1449 3170 puerorum
1468 3069 1622 3143 lectioni
1639 3069 1713 3142 line
1739 3069 1883 3143 iactura
1904 3066 1987 3141 sub-

296 3214 297 3226 *
381 3182 577 3260 traximus.
607 3185 784 3287 impressa
803 3185 888 3262 sunt
906 3189 1000 3262 haec
1017 3187 1147 3261 omnia
1160 3185 1288 3261 rursus
1309 3185 1354 3260 ab
1370 3184 1540 3283 Ascenstb
1560 3185 1599 3257 in
1615 3185 1757 3282 inclyta
1768 3185 1987 3281 Pan'fiorum

382 3301 589 3378 Academia
611 3305 657 3378 ad
678 3305 866 3380 Kalendas
885 3305 1019 3380 Junias
1045 3303 1212 3379 MDVll.
1240 3302 1351 3377 Char.
1372 3327 1467 3376 rom.
1492 3299 1632 3401 splend.
1653 3301 1692 3374 in
1720 3315 1829 3373 textu
1855 3299 1984 3398 grand.

381 3417 422 3493 in
440 3447 577 3497 comm.
597 3421 687 3496 min.
709 3420 842 3522 glossae
864 3449 979 3522 marg.
1002 3423 1078 3498 soll.
1097 3449 1177 3497 202.
1208 3421 1293 3521 sign.
1316 3419 1381 3495 lin.
1406 3433 1533 3494 textus
1556 3419 1613 3508 48.
1643 3441 1781 3491 comm.
1802 3418 1860 3514 67.
1887 3417 1985 3492 titul.

383 3539 656 3638 rubro-niger.
676 3539 698 3616 s.

570 3679 721 3734 Punzerus
739 3679 770 3734 in
788 3679 895 3734 Annas·
912 3679 1044 3754 Typogr.
1065 3677 1100 3734 T.
1112 3699 1139 3752 7.
1159 3697 1188 3752 p.
1200 3693 1261 3732 200.
1282 3675 1370 3752 longe
1388 3675 1474 3731 aliter
1491 3673 1656 3748 hocopus,
1674 3674 1807 3746 quamvis
1823 3671 1898 3726 illud
1909 3673 1983 3726 eius-

668 3770 732 3825 dem
750 3789 814 3825 cum
832 3769 925 3825 nostra
943 3770 1079 3826 editionis
1095 3769 1144 3834 lit,
1161 3768 1298 3824 recenset:
1320 3769 1351 3822 in
1369 3767 1466 3824 nostro
1484 3767 1560 3822 enim
1579 3763 1737 3840 exemplari
1751 3764 1847 3819 versus
1862 3763 1984 3817 Ascenlii

670 3860 706 3917 ad
726 3863 895 3929 Lecturam,
913 3839 983 3935 qisos
999 3861 1087 3916 refert
1104 3865 1275 3928 Passurus,
1293 3879 1351 3916 non
1369 3859 1579 3924 inveniamur,
1600 3856 1716 3929 aliaque
1732 3857 1852 3910 omnino
1867 3853 1903 3909 eli
1920 3853 1984 3908 sub·
2015 3919 2017 3922 Ι

671 3953 807 4030 scriptio,
825 3969 898 4027 quae
914 3952 951 4010 sd
975 3953 1061 4008 finem
1077 3953 1165 4009 noliri
1189 3953 1360 4028 exemplaris
1378 3951 1551 4009 verbotenus
1574 3947 1697 4003 adducta
1717 3947 1793 4014 suit,
1820 3967 1855 4002 ex
1880 3943 1985 4020 quibus

668 4062 787 4122 apparet
807 4045 972 4101 Punzerum
987 4043 1044 4100 hoc
1059 4063 1133 4120 opus
1147 4063 1207 4100 non
1224 4062 1289 4100 ante
1306 4045 1423 4100 occulos
1435 4041 1581 4108 hahnius,
1600 4041 1734 4114 quinimo
1749 4039 1886 4114 suspicor,
1905 4037 1983 4110 quod

666 4137 726 4215 ipse
734 4140 923 4194 Maittuirius
933 4152 965 4192 ut
974 4156 1011 4192 ex
1025 4138 1202 4192 correctione
1212 4137 1303 4207 (sexto
1320 4136 1384 4192 idus
1394 4133 1625 4207 Novembris)in
1635 4149 1704 4188 nota
1715 4150 1743 4208 9.
1760 4131 1796 4186 L.
1809 4149 1832 4186 c.
1854 4129 1981 4204 rppofita

668 4247 805 4305 apparet,
828 4229 903 4286 illud
920 4249 979 4286 nou
995 4228 1120 4293 viderim
1142 4229 1259 4284 interim
1277 4227 1352 4284 illud
1369 4227 1474 4301 absque
1491 4225 1580 4282 dubio
1597 4223 1633 4280 ad
1648 4223 1803 4279 rarissimas
1825 4219 1983 4280 seditiones

675 4325 796 4396 Virgilii
812 4322 994 4378 reserandum
1011 4321 1057 4377 esi.
1083 4324 1129 4378 De
1144 4322 1221 4376 Bure
1240 4320 1309 4376 dans
1327 4319 1356 4376 la
1374 4317 1596 4394 Bibliograpbie
1622 4315 1791 4370 insirttctive
1809 4331 1826 4368 a
1843 4313 1881 4370 N.
1899 4312 1981 4387 2659.

665 4411 753 4484 usque
769 4409 850 4487 2708.
871 4415 949 4488 quali
965 4432 1062 4469 onmes
1080 4411 1220 4468 editiones
1237 4413 1443 4488 praeclariores
1468 4411 1586 4484 Virgilii
1605 4427 1642 4464 cx
1659 4407 1831 4462 Maittuirio
1848 4403 1980 4480 deprom-

664 4518 728 4578 ptas
742 4503 873 4572 abibit,
893 4504 928 4560 ds
945 4505 1000 4562 bac
1017 4521 1112 4562 autem
1127 4508 1212 4560 Anno
1231 4505 1309 4579 1507.
1333 4501 1459 4576 Parisiis
1476 4499 1552 4557 iacta
1566 4497 1644 4558 nibil
1658 4511 1808 4554 memorat.

475 4698 533 4775 88»
549 4733 601 4758 -
614 4691 772 4768 ioannis
789 4690 974 4787 Francrsci
989 4691 1074 4764 Pici
1086 4690 1323 4766 Mirandulae
1337 4674 1496 4764 Domini
1508 4703 1511 4708 “
1523 4703 1561 4761 et
1583 4685 1809 4778 concordiae
1830 4680 1981 4754 comitis

380 4815 427 4892 de
445 4839 575 4897 rerum
590 4806 839 4912 praenotione
857 4805 943 4879 libri
962 4834 1103 4884 novem
1119 4833 1192 4907 pro
1210 4806 1370 4884 veritate
1387 4802 1584 4903 religionis
1600 4816 1734 4876 contra
1751 4794 1979 4896 superstitio·
