4706 5868
681 693 687 702 ,
749 621 988 680 cersuoous
1015 619 1399 678 aratrocnsrurcus.
1427 621 1580 680 uuxxr.
1868 611 1965 704 x123

361 807 459 880 filiae
479 804 655 879 dicatum.
682 796 854 896 Besaleae
870 799 984 871 Anno
1002 797 1053 869 Μ.
1067 796 1114 868 D.
1126 797 1234 869 XXI.
1245 838 1284 853 -
1314 797 1475 871 Haecin
1498 797 1623 872 fronte
1641 797 1758 874 limbo
1770 793 1903 879 ornata
1917 844 1964 863 -

362 924 424 998 sol.
442 922 500 1013 43.
517 921 579 994 lin.
596 943 654 1015 27.
677 915 772 990 linis.
800 914 924 987 Char·
943 914 1005 986 lat.
1024 913 1100 987 foll.
1123 913 1180 1002 43.
1197 914 1260 986 lin.
1280 939 1337 1009 27.
1365 919 1398 1003 4.

556 1057 684 1113 Panaeti
699 1053 804 1110 Annas.
825 1054 957 1126 Typogr.
977 1053 1012 1107 Τ.
1030 1050 1056 1106 6.
1073 1070 1101 1127 p.
1122 1067 1185 1126 227.
1201 1051 1239 1106 N.
1251 1052 1315 1127 399.

320 1271 330 1290 .
457 1226 601 1315 384-
619 1224 811 1322 San'ptores
838 1221 977 1321 aliquot
995 1218 1178 1304 Catamiti,
1198 1218 1261 1304 iis,
1284 1219 1349 1319 qui
1374 1245 1597 1317 graecarum
1618 1222 1815 1298 literarum
1837 1227 1964 1301 candi-

364 1344 439 1420 dati
458 1343 560 1428 sunt,
579 1339 776 1425 utilissimi,
800 1364 966 1437 quorum
988 1334 1167 1434 opuscula
1185 1331 1274 1409 huic
1289 1334 1386 1408 libro
1405 1335 1540 1412 inserta
1548 1339 1730 1446 proxima
1746 1342 1884 1440 pagina
1904 1370 1964 1418 re·
2077 1389 2081 1396 ·

361 1465 537 1537 seruntur
565 1459 605 1532 in
624 1457 765 1555 inclyta
782 1450 990 1549 Basilea·-
1004 1454 1110 1527 Haec
1134 1452 1173 1524 in
1192 1451 1318 1525 sronte
1336 1451 1513 1554 lignoque
1535 1472 1685 1555 typogr.
1709 1459 1881 1531 Frobenii
1899 1461 1965 1536 de·

363 1593 551 1653 corata-
566 1575 628 1648 sol.
651 1573 733 1647 eod.
751 1571 786 1645 b.
805 1569 918 1644 index
935 1586 1134 1644 auctorum
1152 1568 1265 1642 huius
1283 1568 1370 1642 libri
1395 1597 1441 1645 ex
1464 1568 1672 1671 Aphttom'i
1688 1576 1963 1653 exercitamen-

361 1695 410 1770 tis
430 1693 475 1768 de
497 1692 691 1766 sabula—
705 1689 876 1762 Etitsdem
897 1688 944 1761 de
962 1685 1131 1760 formicis
1149 1701 1187 1760 et
1206 1685 1342 1761 cicadis
1367 1687 1501 1764 sabula.
1513 1730 1560 1744 -
1575 1692 1633 1764 Ex
1652 1691 1966 1789 Phalefftratiima-

363 1811 512 1911 ginibus
528 1809 574 1910 dp
590 1808 724 1884 sabula.
735 1847 785 1864 -
802 1806 937 1906 Aesopi
948 1803 1028 1879 vita
1043 1830 1132 1878 cum
1144 1803 1280 1878 fabulis
1296 1829 1366 1904 per
1379 1805 1592 1880 Maximum
1610 1807 1820 1886 Planudem.
1833 1853 1878 1869 -
1890 1815 1969 1887 Ga·

362 1929 463 2002 briae
478 1926 614 2002 Graeci
635 1925 792 2000 sabellae
812 1940 891 1998 tres
908 1939 946 1997 et
962 1920 1210 2024 quadraginta
1225 1947 1272 1994 ex
1288 1923 1519 1997 tetrametris
1536 1923 1690 2013 iambis,
1709 1944 1861 2026 praeter
1880 1931 1996 2004 ulti„

362 2071 464 2120 mam
486 2071 533 2120 ex
560 2046 735 2118 Saazoate
761 2040 956 2116 tetrasticis
984 2037 1414 2137 inclusae-Agapetus
1440 2039 1486 2112 de
1506 2039 1637 2114 officio
1663 2043 1763 2142 regis
1790 2046 1838 2120 ad
1859 2045 1967 2144 lusti-

360 2163 518 2238 nianum
539 2161 744 2236 Caesarem.
757 2199 807 2216 —
824 2156 1019 2254 illustrium
1034 2145 1396 2251 rr'rommfiralentrae
1415 2157 1602 2255 quaedam
1613 2159 1907 2263 philosophicae.
1918 2207 1967 2224 -

360 2277 514 2377 Hesiodi
536 2277 688 2352 Ascraei
715 2289 853 2375 poetae
875 2271 1126 2358 vetuflissimi,
1150 2297 1256 2371 opera
1279 2287 1316 2344 et
1336 2274 1484 2346 daea-
1500 2276 1673 2348 Etiesdem
1695 2278 1906 2376 Theogonia
1929 2297 1968 2356 et
2066 2341 2076 2348 .

362 2394 472 2496 Aspis
494 2395 716 2468 Hercalts-
738 2391 961 2488 Theognidis
986 2388 1213 2488 Megarenlls
1238 2387 1442 2464 sententiae
1460 2391 1714 2490 elegiacae.-
1733 2394 1967 2494 Pythagorae

362 2513 530 2589 carmina
552 2536 643 2586 vere
669 2535 793 2584 aurea.
812 2549 863 2565 -
882 2507 1096 2608 Phoaylidis
1121 2505 1339 2582 sanctissima
1366 2523 1570 2606 praecepta
1592 2510 1759 2584 carmine
1786 2501 1964 2600 heresim,
2025 2571 2030 2578 .

362 2655 451 2704 cum
468 2627 617 2703 duobus
635 2625 919 2726 epigrammatis
944 2623 985 2696 in
1013 2623 1250 2698 eundem..·--
1265 2622 1455 2695 Poetarum
1482 2625 1734 2701 Senonicum
1760 2628 1884 2703 indice
1906 2656 1966 2705 re-

362 2771 449 2819 rum
470 2742 653 2844 appositio
661 2769 708 2798 ·-
728 2741 791 2815 fol.
810 2769 843 2844 a.
863 2740 990 2814 loann.
1006 2741 1178 2814 Frobenii
1191 2739 1354 2838 Epistola
1378 2740 1425 2814 ad
1438 2741 1622 2816 lectorem
1639 2741 1844 2846 subscripta
1861 2748 1967 2842 Basi-

360 2865 442 2936 leae
460 2887 506 2936 ex
523 2859 678 2934 aedibus
693 2858 826 2932 nostris
844 2857 1025 2932 Kalendis
1040 2855 1255 2932 Februariis
1272 2858 1386 2930 Anno
1407 2859 1510 2931 1521.
1523 2860 1752 2960 Sequentiae
1763 2891 1966 2964 graece.-

361 3008 398 3080 p.
414 2979 496 3070 343.
513 2979 548 3052 b.
568 2975 707 3074 insigne
725 2991 876 3076 typogr.
895 2974 1071 3050 Froleaii.
1100 2973 1212 3048 Char.
1229 2974 1291 3048 lat.
1308 3000 1345 3074 p.
1369 2973 1451 3066 343.
1473 2975 1536 3050 lin.
1555 3003 1612 3076 29.
1641 2981 1674 3054 8.
1849 2981 1854 2996 '

554 3116 683 3171 Panzeri
697 3113 803 3170 Annel.
824 3115 954 3190 Typogr.
974 3115 1009 3170 T.
1025 3113 1054 3172 6.
1071 3133 1101 3190 p.
1110 3112 1172 3170 226.
1193 3113 1232 3170 N.
1244 3114 1306 3189 392.
1327 3115 1428 3172 Maitt.
1449 3079 1485 3172 Τ.
1496 3131 1521 3171 a.
1539 3136 1568 3192 p.
1587 3115 1649 3174 616.

459 3284 601 3358 385-
621 3281 734 3356 Liber
755 3282 1040 3382 pulcherrimus
1065 3298 1104 3357 et
1131 3283 1275 3357 cunctis
1295 3282 1429 3356 Christi
1453 3284 1626 3360 fidelibus
1651 3286 1874 3389 summoque
1899 3318 1966 3366 ne-

361 3402 543 3477 cessarius.
563 3401 629 3504 ‚De
648 3400 776 3474 divina
796 3400 1025 3475 institutione
1052 3399 1298 3472 Pontificatus
1325 3400 1474 3472 romani
1501 3401 1695 3475 Pontificis
1715 3402 1827 3503 super
1844 3423 1965 3481 totam
1989 3487 1993 3497 .

360 3518 550 3604 ecclesiam
566 3545 588 3590 a
609 3514 746 3618 Christo
762 3516 802 3590 in
822 3517 939 3603 Petro,
959 3540 1029 3616 per
1048 3513 1415 3589 Reverendislimum
1433 3515 1562 3588 Sancti
1583 3519 1684 3590 St'ati
1703 3520 1945 3598 Cardinalem

360 3637 565 3736 virumque
582 3635 695 3733 plane
713 3631 1003 3707 eruditiffimum
1029 3631 1202 3706 tlomam
1217 3633 1262 3702 de
1278 3631 1342 3702 Via
1360 3628 1567 3730 Caletanum
1586 3633 1661 3710 iam
1684 3655 1902 3737 opportune
1926 3642 1966 3715 in

86 3803 94 3810 -
225 3805 228 3810 n
360 3755 488 3829 lucem
506 3749 696 3826 editus-
716 3751 861 3824 Contra
882 3775 1033 3822 errores
1061 3749 1247 3848 quosdam
1272 3746 1429 3820 Martini
1448 3749 1617 3838 lutheri,
1643 3779 1740 3852 quos
1768 3783 1816 3830 ex
1834 3758 1963 3858 priscis

362 3859 479 3968 atque
491 3863 752 3942 condemnatis
768 3863 969 3939 haereticis
980 3862 1191 3963 desumpsit,
1211 3889 1254 3936 ac
1269 3864 1402 3938 nostris
1421 3866 1652 3965 prohdolor!
1669 3875 1906 3971 temporibus
1924 3876 1966 3949 in

363 3985 575 4058 multorum
596 3981 807 4082 perniciem
828 3981 1036 4056 renovavit.
1064 3982 1168 4056 Haec
1188 3978 1228 4051 in
1246 3980 1372 4056 sronte
1390 3983 1453 4056 sol.
1474 3985 1556 4059 eod.
1575 3985 1610 4059 h.
1629 3985 1966 4092 indere-Episto-

360 4103 396 4176 la
417 4099 577 4172 Tlaomae
592 4102 636 4174 de
658 4099 722 4172 Via
744 4096 790 4172 ad
808 4099 965 4173 Leonem
987 4115 1027 4172 Χ.
1046 4099 1086 4171 Ρ.
1105 4097 1216 4170 Μ.-
1233 4095 1294 4171 sol.
1314 4099 1371 4190 34.
1389 4100 1452 4174 lin.
1471 4103 1530 4176 26.
1551 4101 1770 4206 impressum
1792 4110 1966 4201 Coloniae

359 4244 430 4317 per
449 4217 647 4290 honestum
680 4214 804 4290 civem
830 4215 972 4288 Petram
1005 4214 1180 4318 Quentell.
1211 4214 1324 4288 Anno
1350 4215 1484 4290 Christi
1511 4217 1719 4300 Salvatoris
1740 4224 1792 4296 M.
1806 4217 1965 4302 Dlxxl

362 4333 485 4436 pridie
504 4359 624 4408 nonas
641 4331 757 4407 Junii.
772 4332 897 4418 ,Chen
909 4331 1012 4429 goth.
1030 4329 1183 4407 ndnusc.
1199 4330 1333 4431 glossae
1349 4359 1465 4434 marg.
1478 4333 1622 4428 solidi.
1639 4340 1812 4441 nonslgn.
1830 4344 1891 4421 lin.
1903 4349 1960 4423 26.

369 4457 405 4541 4.
428 4453 492 4525 Ea
510 4452 720 4526 collectione
737 4448 973 4522 Herbiziana.
2051 4464 2055 4472 ’

556 4591 686 4647 Panaeti
701 4587 806 4644 Annal.
822 4588 955 4662 Typogr.
973 4587 1007 4644 T.
1017 4586 1044 4642 6.
1070 4606 1100 4661 p.
1119 4581 1186 4643 385.
1204 4587 1242 4642 N.
1262 4590 1324 4663 349.

464 4749 1280 4873 386.-c,Plautecmdi'Novocomenfis,
1298 4776 1344 4854 ae
1360 4776 1663 4860 virisirrurrrsus
1680 4784 1721 4862 in
1737 4787 1962 4878 reminas,
1988 4799 1999 4808 ··

1496 4897 1581 4996 Qa
