4706 5868
403 637 473 714 106
784 632 1023 709 curmontis
1049 647 1425 709 urcuocuirmcus
1451 651 1635 710 nuxvm.

402 855 457 928 19.
472 827 621 929 Lipsiae
636 827 853 904 exofficinu
860 826 1014 928 providi
1030 825 1103 902 viri
1123 787 1252 902 iacobi
1272 828 1419 903 Taurei
1430 831 1546 906 Anno
1557 828 1717 905 Domini
1735 831 1787 905 M.
1800 832 1847 905 D.
1864 831 2008 909 XVlll.

398 971 486 1021 cum
507 944 636 1045 inlign.
657 961 809 1046 typogr.
837 945 948 1020 Char.
977 945 1037 1020 lat.
1061 946 1137 1019 loll.
1161 947 1195 1020 8.
1214 972 1293 1021 non
1318 945 1405 1047 sign.
1426 949 1489 1023 lin.
1511 949 1568 1024 23.
1589 947 1712 1050 spatiis
1732 949 1914 1047 interject.
1940 959 1974 1042 4.

592 1083 696 1140 Editio
713 1083 862 1160 splendida
876 1102 1020 1158 nusquam
1038 1083 1175 1141 iudicatu.

505 1253 588 1350 317.
609 1295 658 1312 -
670 1253 937 1328 Deileonarium
955 1255 1060 1355 quod
1072 1279 1219 1352 gemma
1232 1279 1457 1353 gemmeum
1476 1273 1633 1332 vocant:
1656 1281 1781 1356 nuper
1798 1257 2013 1358 castigatum

397 1387 524 1452 etc-
547 1371 653 1446 Haec
672 1369 713 1444 in
733 1369 917 1446 fronte-
935 1371 1000 1446 fol.
1041 1373 1118 1460 154.
1148 1372 1183 1446 b.
1205 1371 1269 1446 lin.
1297 1379 1362 1462 24.
1385 1372 1651 1448 vocabulariuc
1676 1398 1827 1473 gemma
1843 1401 2010 1474 gemmu—

396 1515 484 1568 rum
497 1529 546 1548 -
562 1485 761 1564 revisus-a-
774 1488 1054 1591 impreliurque
1080 1488 1121 1562 in
1142 1489 1299 1588 Oppido
1326 1491 1512 1589 Hageuon
1538 1517 1609 1591 per
1638 1491 1862 1594 industrium
1879 1493 2011 1567 Heun'-

394 1631 471 1682 cum
489 1605 589 1682 Gran
609 1621 679 1682 etc.
694 1645 741 1666 -
758 1607 873 1681 Anno
900 1607 1006 1706 Virg.
1034 1624 1165 1706 partus
1191 1606 1377 1681 Milefimo
1395 1607 1696 1708 quingentefimo
1718 1610 1863 1686 XVlll.
1880 1612 2013 1712 quinta

396 1722 456 1797 die
472 1720 606 1800 mensis
627 1723 728 1822 Maji.
756 1725 867 1800 Char.
884 1725 987 1824 goth.
1006 1724 1083 1800 foll.
1109 1725 1341 1816 154.1in.46.
1360 1735 1395 1817 4.
1418 1729 1482 1801 Ec
1500 1729 1711 1803 collectione
1727 1729 1963 1804 Herbc'rrirno.

590 1863 720 1920 Pauori
736 1863 842 1922 Auunl.
862 1865 993 1940 Typogr.
1014 1865 1082 1957 T.7.
1101 1859 1193 1941 p.¹84.
1214 1867 1254 1922 N.
1279 1861 1341 1924 258.

493 2030 576 2106 318.
589 2075 638 2088 —
659 1999 897 2107 Directoiriem
913 2060 986 2134 pro
996 2033 1158 2110 Diocefii
1171 2033 1320 2134 infignis
1336 2034 1518 2110 Ecclesiae
1532 2034 1758 2133 Potovrcusrlr
1775 2050 1844 2110 etc.
1856 2037 2014 2111 -Haec

400 2150 441 2221 in
459 2149 588 2224 fronte
616 2177 704 2224 cum
723 2151 833 2226 icone
863 2153 901 2228 8.
922 2153 959 2226 8.
978 2153 1132 2226 Moerin.
1152 2151 1333 2252 Stephani
1344 2169 1382 2227 et
1412 2153 1655 2226 Voleutiui-
1682 2169 1719 2228 ct
1737 2153 1835 2227 infra
1858 2151 2014 2227 Veneriis

398 2267 437 2340 iu
451 2266 619 2341 nudibus¹
633 2269 737 2340 Petri
750 2266 1006 2366 Lr‘chtcrrsteiu.
1019 2310 1069 2328 -
1088 2265 1166 2344 foll.
1190 2269 1273 2360 364.
1296 2275 1377 2373 post
1396 2271 1459 2344 lin.
1480 2277 1537 2360 24.
1567 2270 1694 2370 insign.
1719 2270 1828 2363 Iacob
1857 2265 2019 2370 Schepsti

398 2383 565 2486 Bibliop.
592 2385 867 2490 seqs.f01.365.
887 2386 1165 2462 correctorium
1178 2427 1224 2445 -
1239 2416 1277 2491 p.
1298 2389 1380 2463 365.
1398 2388 1462 2465 lin.
1487 2389 1544 2464 28.
1570 2389 1667 2486 finis.
1684 2389 1809 2492 'Chan'
1826 2387 1929 2487 goth.
1948 2389 2012 2461 lin.

401 2504 630 2606 plerumque
653 2503 780 2578 rubris
805 2503 882 2578 foll.
898 2531 978 2580 non
995 2504 1080 2604 sign.
1100 2505 1183 2580 365.
1205 2504 1270 2580 lin.
1289 2503 1346 2605 39.
1373 2507 1408 2582 8.

594 2641 697 2699 Editio
717 2643 868 2722 praeliant.
887 2643 995 2702 nullibi
1012 2646 1156 2701 rcccnfita'.

500 2807 584 2914 319.
605 2859 651 2874 -
678 2813 860 2916 Nusquam
891 2831 1001 2890 antea
1037 2815 1258 2914 imprelium
1289 2818 1530 2891 collectonirm
1554 2815 1674 2890 totius
1703 2815 1784 2891 fere
1806 2816 2016 2892 medicinae
2121 2805 2127 2818 ’

401 2933 567 3006 Bortueii
584 2927 847 3027 Bononiensir,
868 2931 907 3004 in
934 2958 1011 3031 quo
1026 2931 1126 3006 inira
1144 2933 1280 3034 scripta
1296 2933 1544 3012 continentur
1563 2949 1634 3014 etc.
1651 2932 1779 3008 addita
1795 2937 1842 3008 est
1851 2936 2015 3034 practica

394 3053 566 3152 perutili&
578 3093 625 3109 ·-
647 3049 693 3122 de
712 3046 851 3122 notitia
865 3063 902 3120 ct
922 3047 1118 3120 curatione
1140 3048 1403 3122 universarum
1426 3049 1591 3124 febrium
1610 3066 1647 3125 et
1667 3075 1799 3125 earum
1817 3051 2018 3126 accidenti-

400 3169 473 3244 bus
496 3185 622 3256 etc-
642 3163 866 3263 cumgratia
887 3163 1160 3263 privilegiu-
1178 3163 1282 3237 Haec
1299 3162 1338 3237 in
1356 3167 1483 3238 fronte
1505 3165 1574 3238 litt.
1593 3165 1828 3264 rubro-nigr.
1850 3165 1913 3240 fol.
1933 3171 2015 3242 228.

402 3277 464 3361 lin.
486 3295 519 3378 4.
539 3283 694 3386 explicit
713 3281 988 3356 Collectorium
1007 3281 1194 3355 Bemmcii
1205 3282 1449 3378 Bononiensis
1469 3281 1671 3380 diligenter
1683 3279 1928 3354 emendatum
1948 3297 2017 3356 etc.

404 3449 452 3464 -
470 3401 688 3506 imprell'um
700 3400 773 3474 fuit
787 3399 1007 3498 Lugduuiin
1024 3399 1178 3476 aedibus
1196 3399 1323 3473 Iacobi
1335 3399 1422 3501 Myr.
1437 3441 1480 3458 -·
1495 3401 1609 3471 Anno
1621 3395 1674 3470 M.
1685 3395 1860 3471 CCCCC.
1872 3396 2015 3472 XVlll.

407 3523 468 3598 die
486 3522 669 3596 XXVlll.
683 3518 786 3593 Julii.
802 3517 1025 3617 Registrum.
1046 3518 1157 3591 Char.
1179 3501 1286 3617 gothi
1301 3519 1434 3592 minut.
1457 3518 1532 3591 foll.
1554 3515 1635 3590 228.
1658 3515 1744 3613 fign.
1763 3513 1827 3588 lin.
1848 3517 1905 3591 50.
1932 3523 1966 3605 4.

544 3681 546 3688 ·
600 3660 730 3715 Punzeri
741 3657 847 3713 Annnl.
865 3659 999 3733 Typogr.
1020 3659 1055 3714 Τ.
1065 3677 1092 3732 7.
1111 3678 1140 3732 p.
1152 3657 1214 3714 322.
1234 3658 1272 3714 N.
1284 3657 1349 3734 391.
1479 3642 1483 3652 ¹
1504 3735 1511 3744 ι

504 3833 587 3906 320.
603 3871 652 3888 -·
674 3829 820 3902 Summo
839 3828 1062 3900 Summarum
1080 3854 1177 3928 quae
1198 3827 1414 3930 Sylcestriua
1435 3825 1572 3899 dicitur
1590 3852 1638 3900 ex
1663 3829 1795 3902 lavore
1813 3841 1852 3901 et
1868 3823 2034 3926 speciali

410 3950 588 4053 permill'u
604 3946 755 4022 author.
784 3943 957 4042 imprella
974 3971 1089 4047 quam
1108 3973 1129 4018 a
1153 3945 1294 4045 alioqui
1313 3944 1378 4019 sub
1396 3943 1801 4034 excommunicationis
1824 3965 1949 4051 poenc
1965 3944 2016 4017 la·
2043 3957 2047 3962 '

411 4086 473 4145 tae
489 4057 703 4145 sententiae.
724 4058 812 4135 S.P.
822 4063 869 4138 N.
887 4063 1022 4136 Leonis
1045 4064 1168 4163 Papae
1189 4061 1325 4137 decimi
1352 4061 1496 4136 nemini
1516 4061 1614 4136 infra
1637 4061 1863 4140 decennium
1883 4059 2015 4160 impri-

414 4213 521 4264 mere
543 4188 647 4272 licet,
673 4203 761 4255 cum
783 4180 1014 4280 epigramate
1035 4181 1214 4252 Ottomori
1233 4175 1400 4275 Luseririi
1418 4197 1486 4252 etc.
1515 4204 1603 4252 cum
1625 4205 1728 4254 novo
1752 4175 1953 4278 privilegio
1979 4193 2017 4249 et

410 4308 532 4408 gratia
550 4299 803 4408 imperiali-
821 4297 926 4374 Haec
954 4297 994 4371 in
1012 4297 1139 4372 fronte
1168 4297 1286 4370 limbo
1314 4295 1560 4369 decerun-
1580 4292 1644 4370 fol.
1674 4297 1755 4385 488.
1775 4293 1913 4368 Ιίιι.’6;’..
1933 4291 2016 4366 linit

413 4429 556 4501 Summo
574 4420 788 4530 Sylcestn'na
799 4461 847 4476 -
866 4443 963 4519 quae
983 4414 1197 4491 inscribitur
1213 4415 1373 4488 Summa
1389 4414 1637 4489 Summarum
1656 4409 1702 4487 de
1720 4409 1922 4487 callbus-
1946 4409 2016 4482 Ar-

410 4548 595 4649 gentoroti
608 4537 782 4642 impensis
809 4535 883 4610 viri
906 4536 1060 4609 Ioouuir
1085 4535 1293 4631 Gruniuger
1308 4532 1528 4606 secundario
1553 4529 1726 4632 imprella
1744 4547 1817 4605 ¹etc.
1833 4573 1881 4586 ··-
1899 4529 2013 4602 Anno

415 4667 600 4742 humanae
617 4655 801 4738 saluticM.
811 4655 859 4727 D.
872 4653 1014 4726 XVlll.
1025 4653 1063 4726 in
1074 4651 1201 4751 vigilia
1214 4649 1688 4728 MouhriceLeonedecimo
1708 4647 1895 4734 ,Pontifice
1913 4645 2012 4718 Max.

281 4797 284 4804 '
420 4769 621 4892 regnantes
636 4779 746 4854 Char.
763 4747 949 4878 gothia.
973 4761 1047 4844 foll.
1070 4771 1151 4860 489.
1171 4767 1258 4866 sign.
1279 4767 1341 4842 lin.
1362 4769 1420 4865 69.
1442 4767 1464 4842 f.
1483 4763 2013 4864 ExcollccuoucHerbiciana.

608 4910 848 4982 ramertnmu.
868 4911 999 4983 Typogr.
1019 4907 1053 4962 T.
1062 4905 1089 4965 6.
1104 4925 1132 4982 p.
1142 4901 1188 4964 66.
1206 4905 1246 4964 N.
1264 4905 1328 4962 ὕοι.

696 5530 999 5670 4
