4706 5868
757 647 995 707 CATALOGUS
1022 645 1397 705 nlatloonaefflcus
1424 645 1575 706 Mnxvt.
1920 663 1963 733 91

360 833 555 930 serem-
572 828 633 902 De
656 826 825 902 eiusdem
845 827 884 900 in
901 826 1090 924 Spanebni
1103 823 1382 924 Lombn'diique
1399 825 1513 912 vitas,
1544 843 1581 900 et
1598 827 1974 926 reliquorum'anno-

369 951 542 1026 tationes.
554 985 600 1000 -
619 941 789 1039 Aristidis
806 941 1127 1042 Smymner'oratio
1147 939 1193 1013 de
1211 941 1384 1014 laudibus
1400 943 1505 1014 urbis
1524 943 1695 1015 Romaea
1713 947 1877 1045 Scipione
1891 949 1976 1028 Cor-

369 1063 573 1141 teromeclro
602 1062 640 1134 in
667 1060 826 1133 latinum
852 1059 1024 1131 versa—
1044 1061 1087 1130 ln
1111 1071 1281 1130 extrema
1297 1059 1427 1156 operis
1443 1075 1552 1156 parte
1576 1058 1703 1133 addita
1727 1063 1989 1160 conflagratio-

379 1179 500 1278 Vesevi
511 1177 652 1252 montis
672 1203 718 1250 ex
728 1178 870 1259 Dione,
894 1175 1047 1270 Georgz'o
1070 1173 1213 1245 Merula
1239 1173 1458 1272 interprete.
1481 1217 1525 1232 -
1545 1171 1650 1249 Haec
1681 1176 1719 1248 in
1738 1177 1865 1252 sronte
1886 1205 1975 1252 cum

373 1297 501 1396 infigo,
523 1295 618 1368 Aldi
636 1293 697 1366 sol.
718 1319 750 1365 a.
770 1319 847 1364 non
866 1291 950 1389 flgn.
970 1291 1073 1364 loen.
1093 1289 1198 1388 Bapt.
1218 1291 1377 1386 Egoao'z‘
1390 1306 1459 1362 etc.
1487 1317 1735 1366 romanorum
1754 1294 1976 1396 principum

373 1415 468 1488 liber
490 1411 637 1512 primus
655 1425 724 1484 etc.
737 1449 781 1463 -
801 1411 881 1508 post
899 1407 961 1480 sol.
986 1407 1063 1480 108.
1092 1405 1165 1480 line
1185 1407 1355 1480 numeris
1383 1407 1445 1480 sol.
1472 1435 1499 1482 1.
1518 1408 1604 1507 stgn.
1625 1410 1742 1482 Nerva
1765 1414 1910 1487 Caecius
1927 1441 1974 1490 ex

380 1531 501 1602 dio-
517 1529 579 1600 fol.
597 1529 677 1625 295.
696 1527 730 1600 b.
755 1525 818 1598 lin.
844 1553 895 1620 ¹7·
922 1525 1013 1598 linit.
1038 1523 1183 1596 verbis:
1211 1523 1310 1597 dona
1334 1523 1531 1622 magnifica
1550 1527 1772 1626 reportabit.
1800 1529 1879 1602 Fol.
1898 1529 1972 1632 seq.

371 1673 452 1720 non
479 1647 563 1744 fign.
593 1645 656 1718 lin.
688 1645 720 1716 5.
753 1643 910 1714 Venetus
942 1642 981 1713 in
1005 1639 1159 1714 aedibus
1185 1639 1280 1712 Aldi
1303 1655 1341 1713 et
1367 1639 1537 1714 Andreae
1566 1631 1691 1717 'Soceri
1716 1644 1840 1720 mense
1867 1647 1971 1722 Julio

371 1765 425 1836 M.
435 1765 481 1837 D.
492 1761 598 1836 XVI.
617 1761 680 1835 sol.
701 1757 783 1836 eod.
800 1759 834 1832 b.
864 1759 1013 1857 insigne.
1032 1759 1204 1860 Typogr.
1226 1757 1314 1832 Aldi
1332 1757 1443 1833 Char.
1471 1757 1531 1834 lat.
1548 1759 1625 1834 soll.
1641 1765 1730 1860 295.
1747 1764 1809 1837 lin.
1830 1764 1870 1838 in
1887 1781 1972 1840 toto

373 1887 455 1970 404.
475 1881 537 1954 lin.
551 1879 609 1953 30.
635 1879 668 1952 8.

561 2018 690 2074 Panaen'
707 2013 811 2070 Annas.
832 2015 963 2088 Typogr.
986 2013 1021 2066 T.
1033 2005 1060 2066 8.
1080 2030 1108 2088 p.
1119 2012 1182 2085 433.
1202 2013 1241 2068 N.
1253 2028 1317 2088 291.
1332 2015 1411 2070 Seria
1429 2013 1498 2070 dell'
1513 2011 1654 2074 Edizioni
1672 2017 1778 2074 Aldine
1795 2039 1822 2096 p.
1840 2031 1886 2096 4¹·
1900 2022 1977 2096 Ν.4.

655 2109 699 2164 ibi
714 2123 794 2163 num.
814 2105 876 2162 loll.
897 2122 959 2181 29⁰·
978 2103 1054 2158 male
1072 2104 1229 2164 indicatus.
1592 2109 1595 2117 ⁴

470 2247 610 2341 2²64-
629 2253 687 2322 De
707 2253 816 2322 Sacro
837 2248 968 2320 Sancto
993 2244 1246 2340 Eucharistiae
1268 2247 1514 2321 sacramento
1539 2267 1577 2324 et
1595 2252 1765 2332 eiusdem
1790 2254 1982 2330 ministros

376 2395 477 2442 nova
493 2367 699 2468 admodum
715 2381 753 2438 et
768 2364 943 2436 sacillima
960 2359 1162 2459 Quotle'beto
1181 2385 1251 2458 per
1265 2361 1479 2459 Cypn'onum
1493 2364 1627 2436 Beneti
1638 2367 1863 2465 Aregonenſs
1881 2372 1978 2446 ordi.

375 2485 499 2560 Predl.
514 2483 763 2584 peoselsorem
783 2479 904 2553 sacrae
922 2476 1155 2573 Theologiae
1176 2477 1390 2550 Doctorem
1408 2477 1648 2553 Paristensem
1659 2473 1881 2581 nuperrime
1899 2485 1977 2560 edi-

374 2617 483 2673 ta.-
501 2601 604 2674 Haec
631 2599 671 2671 in
697 2599 823 2669 fronte
851 2619 939 2667 cum
962 2593 1022 2666 sex
1042 2591 1215 2667 distichis.
1232 2591 1296 2665 sol.
1316 2593 1535 2694 quodlibeta
1554 2597 1715 2696 magistri
1735 2601 1979 2701 Cypriani.-

373 2716 437 2788 sol.
457 2717 489 2788 8.
507 2717 570 2789 lin.
597 2741 655 2786 at.
679 2711 896 2812 impressum
923 2708 1186 2806 Narembergae
1204 2735 1276 2809 per
1301 2709 1501 2785 accuratils.
1521 2711 1778 2816 Bibliopolam
1799 2719 1980 2820 Hierony-

379 2859 473 2905 mum
489 2833 626 2906 Httlzel
642 2830 702 2904 die
726 2833 758 2903 5.
776 2828 912 2902 Mensis
931 2827 1138 2901 Februarii.
1165 2827 1305 2901 Salutis
1323 2828 1436 2902 Anno
1461 2829 1658 2906 miliestmo
1678 2834 1976 2936 quingentesimo

379 2947 661 3024 decimosexto.
691 2947 802 3022 Char.
819 2946 922 3046 gotb.
942 2944 1019 3020 soll.
1042 2946 1075 3017 8.
1094 2969 1173 3018 non
1188 2944 1275 3043 fign.
1295 2945 1358 3017 lin.
1374 2946 1431 3036 45.
1459 2953 1493 3035 4.

565 3089 694 3142 Penzeri
712 3085 817 3142 Annal.
834 3085 966 3160 Typogr.
984 3085 1020 3138 T.
1030 3105 1057 3157 7.
1074 3083 1176 3158 Μὴ.
1197 3085 1235 3138 Ν.
1248 3083 1309 3140 123.

475 3257 615 3329 265.-
629 3257 786 3328 Henn'ci
803 3257 975 3328 Stramers
994 3251 1221 3327 Anerbechz'e'
1232 3253 1442 3336 medicinae
1460 3254 1628 3330 doctoris
1640 3257 1903 3338 saluberrimae
1914 3267 1979 3338 ad-

372 3373 497 3448 versus
520 3373 769 3472 pestilentiam
788 3371 1066 3446 observationes
1082 3397 1214 3446 recens
1234 3370 1435 3444 edissa-
1452 3371 1588 3471 Aeque
1604 3377 1859 3474 pauperibus,
1886 3405 1979 3479 pro-

370 3489 452 3562 sunt
473 3489 726 3588 locupletibus
743 3515 932 3588 aeque.-
948 3487 1083 3588 Aeque
1098 3489 1290 3584 neglectae
1307 3487 1456 3596 pueris,
1477 3487 1703 3589 senibusque
1714 3495 1979 3571 nocebunt.—

373 3606 477 3679 Haec
497 3605 537 3676 in
553 3606 679 3678 fronte
697 3603 815 3678 limbo
838 3621 982 3678 ornata.
996 3644 1038 3660 -
1056 3604 1218 3704 Epistola
1233 3605 1397 3676 auctoris
1415 3603 1463 3676 ad
1486 3603 1672 3678 Albanum
1691 3610 1870 3712 Arcbiep.
1894 3641 1977 3688 mo-

372 3739 535 3819 gunt-
552 3720 616 3793 sol.
637 3722 693 3794 23.
714 3719 778 3792 lin.
796 3721 836 3814 Ι8.
862 3718 1080 3818 impressore
1110 3721 1299 3792 Valentino
1320 3719 1500 3792 Schemate
1527 3723 1642 3796 Anno
1662 3753 1690 3798 a·
1708 3727 1904 3805 christiana
1924 3732 1977 3804 sa.

369 3837 448 3910 lute
467 3837 518 3909 M.
530 3837 577 3909 D.
587 3838 694 3909 XVl.
719 3835 844 3934 pridie
866 3835 957 3926 ¹idus
977 3835 1132 3934 Aprilis.
1156 3834 1267 3906 Char.
1293 3833 1354 3910 lat.
1377 3835 1511 3933 glossae
1536 3863 1653 3938 marg.
1671 3839 1747 3916 foll.
1766 3843 1921 3944 llgn.19.
1938 3848 1977 3922 in

370 3966 454 4023 toto
478 3951 535 4025 23.
568 3952 632 4025 lin.
650 3951 708 4024 36.
735 3958 768 4038 4.
796 3949 859 4023 Ex
875 3952 1084 4044 collectione
1096 3951 1333 4025 Herbizcima.

565 4089 694 4144 Panaeti
711 4087 816 4142 Annal.
839 4089 969 4164 Typogr.
988 4091 1022 4144 T.
1032 4111 1059 4164 7.
1079 4091 1183 4166 p.195.
1204 4091 1242 4146 N.
1253 4089 1318 4166 569

470 4213 613 4315 266.)-
632 4241 839 4316 Sermones
861 4257 899 4316 et
915 4243 1199 4317 exhortationes
1220 4242 1267 4317 ad
1287 4244 1495 4320 monachos
1512 4247 1665 4321 Ioanm's
1689 4251 1976 4334 Tn'temzi'abba-
2098 4309 2118 4330 t

328 4429 334 4442 ,
376 4358 426 4432 tis
443 4357 764 4458 Spanheimenfis:
782 4363 908 4458 postea
924 4359 1215 4462 Herbipol‘ensls.
1244 4361 1421 4457 Quorum
1437 4363 1654 4439 sermonum
1674 4368 1748 4442 duo
1768 4373 1850 4448 sunt
1869 4376 1973 4452 libri:
2004 4378 2012 4392 '

376 4475 524 4574 primus
540 4491 700 4552 vocatur
718 4477 949 4550 Omelt'arum.
976 4477 1174 4550 Secundus
1189 4478 1405 4552 demonum.
1417 4511 1473 4538 -·
1482 4481 1586 4555 Haec
1605 4481 1644 4556 in
1662 4485 1787 4563 fronte
1804 4518 1891 4566 cum
1912 4497 1975 4570 Ot-

375 4607 448 4666 ton.
468 4592 765 4690 Mani'.Luscriui'
779 4593 979 4692 Argentini
1000 4593 1039 4666 in
1056 4593 1243 4667 Homilias
1259 4595 1414 4667 Ioannis
1435 4595 1678 4674 Tn'tbemri'ad
1691 4605 1900 4684 Monachbs
1912 4585 1978 4686 de-2

377 4709 594 4784 casticho-
607 4711 671 4784 sol.
691 4717 746 4806 74.
764 4709 928 4810 impressi
948 4710 1032 4784 sunt
1046 4709 1086 4783 hi
1102 4709 1178 4782 duo
1199 4710 1287 4783 libri
1307 4713 1531 4810 Argentum
1543 4743 1614 4816 per
1639 4719 1740 4795 soon.
1763 4691 1972 4800 Knobloucle

378 4827 753 4930 calchogra'phum-
769 4825 945 4928 impensls
960 4827 1088 4902 Ioann.
1108 4827 1350 4930 Hafilberger
1368 4830 1415 4906 de
1432 4833 1558 4934 Augia
1577 4834 1860 4918 constantiensis
1878 4845 1973 4918 Dio-

1597 4953 1688 5026 Ma
