4696 5860
416 642 440 714 6
742 679 744 686 ’
833 658 1071 720 caratoous
1097 658 1470 722 Bmmoonsrfflcus
1496 659 1587 716 Mill.
1620 608 1624 618 Ι

417 833 584 908 cundum
605 853 642 910 et
656 836 971 936 pernecessarium
986 837 1181 914 novillime
1202 836 1438 938 improbum,
1456 854 1495 911 et
1511 833 1736 911 exactillime
1754 835 2008 911 emendatum.

415 993 467 1008 -
484 949 645 1028 Haecin
665 954 844 1029 fronte-
863 955 925 1029 fot.
948 954 1084 1030 eodem
1106 957 1141 1028 b.
1160 957 1378 1056 Hztronywi
1393 952 1774 1028 Bonomi'Travillani
1791 952 2010 1054 Epistola·-

417 1067 480 1140 lol.
496 1095 528 1143 2.
555 1070 702 1146 Tabula
718 1073 964 1146 materiarum
978 1070 1074 1144 -in
1090 1073 1165 1147 fine
1181 1075 1244 1148 fol.
1268 1099 1345 1147 100.
1365 1073 1428 1146 lin.
1450 1098 1501 1164 tq.
1521 1069 1739 1172 imprellum
1764 1071 1920 1144 Veneni's
1937 1097 2007 1170 per

417 1183 680 1260 Bemardlnum
703 1189 956 1285 Wrcellenstm
977 1190 1091 1262 Anno
1119 1188 1244 1263 salutis
1267 1189 1320 1262 Μ.
1339 1187 1514 1264 CCCCC.
1534 1191 1561 1262 l.
1584 1188 1645 1261 die
1671 1187 1797 1288 primo
1827 1186 2007 1260 Kalendis

415 1302 663 1400 Septembris.
690 1305 801 1380 Char.
821 1305 921 1380 latin.
948 1304 1025 1379 foll.
1056 1331 1132 1378 100.
1156 1331 1236 1380 non
1262 1306 1348 1404 fign.
1373 1307 1435 1380 lin.
1464 1307 1521 1394 46.
1548 1304 1572 1378 l.
1593 1332 1642 1377 etc
1656 1306 1865 1377 collectione
1882 1301 2008 1376 Herbi-

416 1445 539 1492 erana.

608 1559 735 1614 Panzeri
751 1559 857 1615 Annnl.
876 1561 1008 1636 Typogr.
1030 1561 1064 1616 Τ.
1077 1555 1103 1616 8.
1123 1581 1151 1635 p.
1160 1561 1223 1634 344.
1243 1561 1281 1616 N.
1292 1562 1340 1622 31.

520 1743 814 1820 13.—D1'v1izum
832 1775 919 1849 opus
930 1750 1103 1821 Gratiani
1116 1773 1204 1822 curn
1222 1747 1289 1822 suo
1305 1716 1507 1848 appdratu:
1523 1747 1733 1821 summariis
1751 1745 2009 1820 divisionibus:

419 1855 543 1934 sacrae
559 1859 765 1962 scripturae
782 1865 1080 1952 concordandis,
1105 1864 1337 1964 infinitisque
1353 1865 1607 1939 additionibus
1632 1866 1671 1936 in
1689 1863 1858 1962 margine
1884 1862 2010 1961 politis
2047 1889 2052 1905 ¹

418 2000 506 2050 cum
533 1978 699 2054 maxima
722 1996 848 2055 textus
874 1970 1120 2080 castigatione.
1139 2023 1187 2042 υ
1205 1983 1309 2057 Haec
1332 1982 1371 2054 in
1399 1981 1523 2056 fronte
1541 2025 1587 2040 -·
1605 1981 1644 2054 in
1662 1980 1841 2054 Proemio
1871 1979 2008 2078 legitur

418 2093 713 2170 Bartholomeum
728 2099 947 2195 'Brrnensem
966 2099 1058 2174 illud
1078 2100 1116 2174 in
1139 2100 1273 2174 melius
1290 2097 1526 2186 reformasse,
1553 2099 1647 2198 quin
1669 2096 1812 2196 aliquid
1834 2095 1868 2169 ei
1890 2095 2011 2168 detra·

420 2211 530 2285 aerit.
545 2213 670 2286 -Ad
691 2216 806 2288 finem
826 2216 889 2290 fo'l.
910 2217 997 2322 3⁶9·
1019 2217 1082 2290 lin.
1111 2219 1167 2316 59.
1191 2217 1386 2298 decretum
1413 2217 1588 2289 Gratiani
1606 2240 1693 2288 cum
1718 2213 1784 2287 luo
1808 2227 2010 2313 apparatu,

418 2325 631 2405 luminariis
648 2330 891 2408 divifionibus
911 2331 1034 2408 sacrae
1055 2333 1260 2433 scripturae
1282 2333 1578 2418 concordandis,
1603 2356 1683 2403 non
1701 2329 1890 2428 nullisque
1907 2327 2010 2402 addi-

415 2443 586 2521 tionibus
611 2447 810 2546 diligenter
835 2465 1051 2524 cor‘rectum
1071 2451 1324 2526 emendatum.
1351 2452 1465 2523 Anno
1491 2447 1714 2522 Dominicae
1739 2444 2012 2520 lncarnationis

416 2560 616 2639 Millellmo
636 2564 935 2664 quingenteslmo
951 2565 1097 2665 primo,
1120 2567 1180 2642 die
1198 2567 1284 2640 Xll.
1296 2567 1425 2642 Martii
1441 2566 1525 2638 linit
1542 2565 1710 2640 feliciter.
1722 2605 1771 2620 ·-
1784 2562 1882 2646 char.
1895 2559 2010 2634 Goth.

414 2697 510 2867 guinf
525 2679 611 2868 qgn.
632 2680 760 2778 Epigr.
780 2679 903 2780 glollis
932 2697 1048 2781 marg.
1082 2683 1159 2757 loll.
1182 2685 1350 2782 36911011
1369 2685 1455 2784 fign.
1476 2683 1539 2758 lin.
1565 2683 1606 2758 in
1629 2697 1737 2758 textu
1760 2705 1814 2777 70.
1835 2679 1874 2751 in
1894 2703 2010 2776 marg.

439 2819 471 2868 ο..
507 2821 554 2868 ο.
576 2821 651 2894 reg.

603 2935 650 2990 De
664 2933 719 2990 bno
736 2936 864 2994 editione
881 2937 957 2994 nihil
973 2955 1113 2994 memorat
1132 2942 1300 3006 Poenorum
1319 2961 1381 2996 earn
1397 2943 1520 3000 Vercellis
1530 2938 1664 3015 prodiille
1674 2957 1709 2994 ex
1719 2937 1879 2993 charactere
1890 2933 2012 3006 aliisque

701 3028 820 3086 indiciis
837 3030 1012 3088 sufficienter
1028 3029 1152 3092 constan
1173 3031 1301 3104 adeoque
1321 3050 1386 3086 cum
1404 3032 1620 3107 Typographus
1644 3049 1702 3086 non
1721 3031 1886 3084 nominatus
1902 3025 1988 3080 luerit
1999 3035 2023 3089 ,⁸

699 3138 765 3174 cum
785 3119 912 3177 editione
932 3141 983 3196 per
999 3121 1166 3198 Baptistnm
1185 3122 1220 3178 de
1237 3125 1334 3178 Tortis
1358 3122 1463 3178 laetam
1489 3133 1549 3177 non
1567 3121 1768 3177 confundenda
1786 3119 1842 3180 est:
1866 3113 2009 3173 editiones

699 3211 776 3266 enim
791 3211 846 3268 bae
862 3216 921 3269 iam
939 3215 971 3269 in
988 3215 1136 3288 Principio
1154 3214 1229 3270 inter
1244 3214 1271 3269 le
1290 3214 1448 3280 differunt,
1467 3215 1499 3268 in
1508 3211 1565 3268 boo
1580 3214 1657 3267 enim
1667 3210 1841 3284 Exemplari
1855 3208 2009 3262 lollianon

696 3319 846 3360 numerata
864 3303 947 3372 sunt,
961 3307 1083 3362 alterum
1102 3325 1172 3362 rero
1184 3305 1336 3382 Baptistae
1355 3305 1390 3361 de
1408 3307 1504 3360 Tor-tis
1520 3301 1582 3359 toll.
1601 3301 1664 3360 336.
1684 3302 1820 3358 eontinet.
1841 3300 1911 3354 Non
1920 3300 2005 3354 inve·

696 3395 760 3460 nio,
767 3393 842 3450 hane
862 3395 1017 3453 editionem
1035 3397 1138 3454 abuno
1154 3399 1347 3455 recentiorum
1356 3395 1549 3454 Analilierum
1558 3393 1716 3450 buiuedum
1730 3390 1810 3448 {uilia
1828 3390 2003 3448 Petenfitam.

514 3587 567 3670 14.
578 3619 628 3639 -
637 3581 825 3656 Decretum
833 3585 878 3658 de
893 3585 1010 3660 Tortis
1019 3615 1087 3660 .·-
1101 3587 1206 3661 Haec
1220 3586 1260 3659 in
1270 3586 1406 3660 fronte.
1417 3583 1619 3660 P'raemilla
1628 3580 1901 3680 tabulalegitur
1913 3577 2007 3652 Bar-

411 3695 612 3770 tholomeus
628 3697 860 3797 Buleeirensti
878 3718 1059 3802 tanquam
1079 3701 1253 3802 glollator
1272 3745 1322 3761 -
1342 3703 1383 3776 in
1399 3704 1473 3776 line
1495 3700 1659 3774 f01.335.
1680 3700 1743 3772 lin.
1761 3703 1819 3795 74.
1851 3697 2007 3770 Venetri’s

411 3821 488 3914 per'
502 3815 703 3917 Baptistem
719 3816 766 3892 de
787 3815 904 3892 Tom's
918 3819 1157 3895 MCCCCCI.
1172 3820 1386 3895 dieXXlll.
1400 3818 1581 3894 Octobris
1593 3815 1892 3914 infignetypogr.
1904 3813 1944 3886 B.
1958 3812 2005 3884 Τ.

317 3918 323 3931 ’
410 3929 524 4124 313¹
543 3931 646 4150 gqtgh.
667 3960 755 4010 curu
769 3933 892 4034 glollie
911 3937 1104 4036 marginal.
1121 3940 1197 4015 loll.
1220 3938 1303 4014 336.
1324 3938 1410 4038 figo.
1433 3937 1496 4011 lin.
1525 3961 1579 4034 70.
1600 3934 1641 4007 in
1659 3947 1768 4008 textu
1782 3933 1840 4006 81.
1858 3929 1898 4003 in
1910 3930 2007 4029 glos-

503 4185 632 4245 Penaeri
645 4191 751 4248 Annei.
771 4191 904 4268 Typogr.
920 4193 956 4250 T.
965 4188 994 4248 8.
1011 4209 1039 4268 p.
1049 4187 1112 4248 338.
1131 4193 1170 4250 N.
1181 4209 1208 4268 9.
1227 4191 1303 4247 hanc
1322 4191 1479 4248 editionem
1495 4192 1624 4268 priorem
1643 4189 1805 4246 recenlitam
1826 4184 2005 4240 subsecutam

698 4283 751 4338 elle
775 4301 810 4338 ex
832 4283 1011 4358 praelatione
1036 4283 1196 4350 concludo,
1228 4281 1297 4338 dum
1321 4284 1544 4338 Bartholomeus
1570 4282 1722 4355 Briemfis
1749 4281 1782 4334 in
1807 4275 1897 4352 glofft
1911 4275 2008 4349 prim

696 4373 809 4429 allerit:
827 4376 993 4442 „interdurn
1002 4377 1088 4433 etiam
1097 4375 1254 4434 solutiones
1269 4376 1448 4452 interposui,
1459 4395 1533 4452 quae
1544 4371 1753 4452 praetenuiffae
1767 4369 2005 4426 luerentaJoen-

695 4466 768 4529 ne‚”
785 4480 812 4520 et
828 4465 895 4522 dein
911 4467 1072 4545 Infignibus
1089 4469 1268 4546 typographi
1281 4467 1432 4546 praemilla
1444 4467 1553 4544 legitur
1560 4468 1677 4540 sequena
1684 4461 1907 4539 prohibitioni
1921 4475 2006 4514 ”⁸³¹⁰

697 4571 770 4629 opus
787 4555 844 4611 boe
860 4558 898 4614 ob
915 4561 1106 4639 privilegium
1127 4561 1165 4618 ad
1180 4563 1275 4620 decem
1293 4569 1383 4619 annos
1400 4561 1585 4636 impetratum
1600 4557 1650 4614 l'nb
1672 4573 1765 4632 poena
1782 4555 1814 4610 in
1830 4571 1864 4610 eo
1881 4548 2006 4626 exprelle

618 4687 625 4694 .
695 4643 799 4704 audeat
817 4646 992 4722 imprimere.

415 4855 421 4864 ·
510 4810 1177 4904 15.·-Decreteles.·cum·lummariis
1186 4820 1260 4900 luia
1272 4837 1310 4900 et
1320 4836 1496 4900 textuum
1509 4815 1752 4898 divifionibus
1760 4837 1803 4888 ac
1814 4807 2001 4886 etiamru·
