4694 5878
707 632 950 698 carnosus,
973 629 1349 692 auuocnaerrrcus
1375 631 1661 690 uccccxcvur.
1909 617 1976 716 ¹95

465 814 549 885 625.
574 851 624 868 -
648 809 1103 886 Haratri'ldacciverufini
1117 825 1231 908 poete
1246 807 1342 882 lirici
1361 835 1480 909 opera
1499 836 1587 883 cum
1610 810 1837 912 quibusdam
1854 839 1975 888 anno-

365 928 595 1013 tationibus,
622 927 848 1028 imaginibus
864 924 1131 1026 pulcherrimis
1149 927 1323 1027 aptisque
1350 925 1395 1000 ad
1416 926 1572 999 Odarum
1600 943 1807 1027 conceptus
1834 945 1872 1004 et
1893 928 1974 1004 len-

367 1047 448 1120 tiaa
477 1089 518 1106 ·-
536 1047 640 1118 Haec
655 1044 694 1117 in
709 1045 846 1118 fronte.
865 1069 914 1100 -·³
933 1044 1156 1144 Sequuntur
1180 1043 1313 1117 iacobi
1333 1042 1493 1116 Lochcri
1512 1043 1713 1144 philomufi
1741 1061 1878 1144 poetae
1896 1047 1974 1122 lau·

369 1164 464 1237 reati
485 1163 532 1236 ad
550 1165 710 1236 lectores
732 1162 990 1261 epigrama-
1007 1160 1159 1259 epistola
1181 1159 1227 1233 ad
1249 1159 1499 1233 Marchrimcm
1531 1163 1696 1234 Carolum
1714 1161 1914 1259 Badenſscm
1930 1205 1973 1224 -

367 1281 445 1354 vita
453 1280 619 1366 Horatii,
643 1277 837 1366 mensura,
854 1278 982 1351 tabula
1000 1293 1237 1363 metrorum,
1267 1302 1354 1349 cum
1372 1276 1576 1375 directorio
1598 1293 1636 1352 et
1655 1278 1778 1354 indice
1797 1281 1974 1354 locorum

256 1431 259 1438 λ
364 1422 497 1472 rerum
517 1413 556 1473 et
565 1396 837 1472 sententiarum
858 1394 904 1468 ad
916 1395 1133 1468 virtutes-
1145 1394 1249 1468 Haec
1267 1395 1396 1467 omnia
1411 1394 1654 1469 continentur
1674 1397 1712 1469 in
1730 1396 1806 1469 1011.
1823 1424 1875 1472 11.
1889 1423 1969 1472 non

364 1512 523 1612 fignatis.
555 1515 617 1588 101.
645 1514 772 1615 primo
804 1513 942 1612 fignato
972 1512 1106 1610 incipit
1132 1509 1255 1610 ipsum
1278 1536 1394 1611 opus,
1422 1513 1581 1610 finitque
1608 1513 1670 1585 fol.
1688 1539 1770 1609 207.
1796 1513 1867 1588 hac
1886 1513 1972 1588 lub-

364 1629 578 1732 scriptione.
597 1631 833 1706 elaboratum
851 1626 1068 1730 imprellum
1086 1630 1225 1728 quaest
1244 1627 1318 1700 hoc
1334 1627 1500 1725 elegans,
1518 1645 1713 1716 ornatum,
1733 1629 1972 1729 splendidum

364 1765 639 1848 comptumque
660 1749 810 1821 Horatii
826 1747 953 1819 Flacci
973 1789 1010 1806 ·-
1034 1770 1132 1846 opus
1151 1770 1240 1818 cum
1257 1743 1457 1818 utilillimis
1485 1746 1716 1843 argumentis
1736 1762 1775 1822 et
1800 1748 1974 1849 imagini·

363 1847 435 1942 bui
452 1866 492 1939 in
514 1865 673 1951 celebri,
698 1864 818 1938 libera
836 1859 1101 1963 imperialique
1120 1861 1217 1934 urbe
1240 1861 1448 1958 Argenta'ac.
1471 1861 1602 1960 Opera
1620 1878 1658 1937 et
1680 1863 1850 1964 impenso
1868 1866 1973 1942 ledu-

361 1983 407 2062 lis
427 2009 584 2082 quoque
596 1981 788 2056 laboribus
806 1979 959 2080 providi
975 1979 1049 2052 riri
1062 1977 1248 2052 Iohannis
1263 1977 1474 2052 Rcahhardi
1487 1973 1744 2078 cognomento
1765 1983 1974 2082 dezirger

361 2103 458 2198 (pro
476 2099 694 2196 Gruniger)
710 2096 802 2172 civis
820 2097 990 2171 eiusdem
1004 2093 1115 2168 ,urbis
1135 2093 1403 2193 argentinenlis
1421 2113 1557 2196 quarto
1576 2095 1661 2170 idus
1672 2099 1801 2171 Martii
1822 2099 1969 2180 absolu-

284 2233 288 2239 ’
360 2230 443 2288 tum
465 2242 558 2289 vero
589 2214 705 2288 Anno
730 2212 874 2287 domini
901 2211 949 2286 D.
963 2211 1275 2285 CCCCXCVlll.
1308 2211 1419 2285 Char.
1444 2239 1541 2285 rom.
1571 2211 1710 2313 splend.
1740 2231 1778 2289 et
1804 2235 1966 2293 accurat.

357 2319 448 2406 ‘cum
475 2331 599 2430 fignat.
619 2331 750 2430 Epigr.
771 2329 895 2428 glollis
916 2327 1187 2428 marginalibus
1207 2329 1417 2429 tripartitis.
1439 2329 1519 2402 loll.
1540 2329 1625 2428 fign.
1651 2357 1733 2428 207.
1754 2332 1818 2408 lin.
1842 2349 1969 2411 textus

355 2451 591 2552 plerumque
603 2453 661 2536 24.
680 2446 886 2545 interjectis
899 2444 1028 2546 lpatiis
1049 2455 1088 2520 ‘et
1102 2445 1305 2543 subjunctis
1324 2446 1678 2521 armotationibus.f.

555 2607 685 2663 Panaeti
700 2603 805 2659 Annal.
829 2605 960 2678 Typogr.
980 2605 1015 2658 T.
1036 2625 1059 2659 ι.
1076 2623 1105 2678 p.
1116 2603 1161 2659 61,
1177 2605 1215 2658 N.
1227 2605 1289 2678 339.
1311 2605 1411 2660 Μαίη.
1429 2624 1457 2679 p.
1469 2603 1522 2660 662
1542 2603 1768 2682 et6471egatur
1786 2609 1889 2681 quinto
1906 2609 1975 2668 idus

647 2699 757 2753 Martii
768 2695 936 2771 Heidsgger
953 2715 1011 2750 non
1026 2696 1172 2751 immerito
1191 2695 1326 2758 adnotat:
1347 2695 1437 2750 editio
1454 2697 1524 2751 haec
1540 2699 1618 2752 inter
1639 2701 1786 2773 principes
1812 2719 1964 2758 numeran-

647 2788 703 2855 da,
721 2808 796 2874 quae
810 2807 869 2844 non
886 2807 922 2842 ex
938 2787 1017 2844 italis
1034 2786 1247 2862 exemplaribus
1264 2786 1373 2842 dudunt
1387 2787 1489 2852 editis,
1507 2787 1555 2842 led
1571 2809 1607 2844 ex
1623 2789 1771 2846 codicibus
1790 2794 1966 2870 manuscrip-

644 2882 681 2936 tis
697 2881 728 2935 in
745 2881 894 2956 germania
911 2881 1035 2956 repertis
1053 2878 1178 2956 exprell'a
1197 2879 1242 2934 est.
1260 2909 1294 2922 ·-
1322 2880 1355 2934 in
1373 2879 1529 2936 collatione
1547 2900 1612 2936 cum
1630 2881 1808 2940 editionibus
1826 2887 1966 2944 recentio-

642 2970 724 3027 ribus
741 2971 840 3027 ultimi
857 2971 945 3028 seculi
970 2973 1092 3038 inveni,
1116 2971 1244 3048 integras
1264 2969 1365 3046 gloll'as
1387 2973 1646 3048 annotationesqus
1668 2975 1772 3032 iisdem
1789 2976 1967 3037 verbotenus

527 3055 532 3066 ’
646 3063 727 3120 brisso
744 3065 871 3122 insertas.

996 3313 1330 3390 MCCCCXCIX.

437 3501 536 3572 ,626.
563 3539 607 3554 ·-
636 3497 715 3570 Hes
733 3519 796 3567 ars
813 3495 965 3567 moralis
980 3519 1067 3567 cum
1091 3492 1272 3590 fingulos,
1298 3508 1381 3565 tum
1397 3493 1589 3568 civitatem
1607 3523 1703 3595 quae
1732 3523 1779 3571 ex
1813 3499 1963 3600 fingulis

355 3614 564 3714 colligitur,
594 3613 641 3686 ad
669 3613 820 3686 beatam
835 3611 954 3685 vitam
980 3608 1142 3695 instruit,
1167 3606 1373 3708 sequenda,
1401 3609 1654 3711 fugiendaque
1674 3619 1865 3691 monstrat.
1887 3618 1965 3693 vir-

348 3748 411 3806 tus
429 3731 531 3805 enim
547 3730 751 3832 sequenda,
771 3727 908 3801 vitium
929 3742 1056 3800 autem
1075 3724 1318 3823 fugiendum,
1344 3741 1382 3800 et
1399 3726 1603 3823 Aristotelis
1629 3731 1846 3833 philosophi
1875 3759 1960 3808 mo·

349 3847 442 3922 ralia
462 3846 629 3930 illustria,
651 3847 825 3944 claraque
841 3841 967 3916 reddit
983 3857 1053 3916 etc.
1069 3883 1118 3898 -
1136 3843 1241 3919 Haec
1260 3841 1299 3915 in
1313 3842 1439 3917 fronte
1454 3885 1495 3901 -
1515 3843 1639 3922 forma
1658 3849 1879 3948 triangulari
1892 3853 1963 3926 im-

353 3961 481 4062 prelia.
496 4004 545 4020 —
562 3961 625 4034 fol.
644 3987 677 4032 a.
697 3958 830 4034 Jacobi
844 3959 956 4031 Fabri
971 3959 1192 4058 Stapalcnsir
1212 3986 1271 4035 ars
1287 3961 1441 4034 moralis
1460 3960 1507 4036 ad
1526 3964 1727 4040 lludiolum
1739 3967 1866 4041 virum
1879 3995 1966 4066 ger-

352 4102 509 4154 manum
528 4077 575 4152 de
598 4078 731 4178 Ganay
745 4076 996 4150 confiliarium
1017 4075 1166 4176 regium
1181 4092 1220 4152 et
1235 4076 1421 4151 decanum
1437 4079 1671 4179 Beluacensis
1682 4125 1731 4140 -··
1744 4085 1896 4183 epistola
1912 4129 1962 4145 --

351 4196 414 4269 101.
431 4196 464 4269 3.
481 4221 541 4269 ars
561 4193 726 4267 moralis.
749 4233 795 4250 -·
815 4194 898 4268 finit
915 4195 976 4267 fot.
1003 4200 1055 4283 ¹4·
1074 4194 1109 4266 b.
1136 4195 1199 4268 lin.
1223 4196 1276 4269 16.
1303 4193 1521 4294 imprellum
1535 4191 1678 4295 Parisii
1700 4199 1739 4272 in
1770 4201 1962 4278 Bellonisu

323 4381 325 4384 .
352 4340 422 4413 per
447 4313 663 4411 magistrum
692 4311 890 4413 Qaz‘danem
911 4311 1144 4384 Mercatorem
1165 4312 1279 4385 Anno
1305 4311 1440 4386 Christi
1465 4311 1658 4388 salvatoris
1679 4316 1869 4393 virtutum
1896 4349 1961 4394 au-

350 4430 472 4503 thoris
488 4457 536 4506 ac
555 4428 700 4502 domini
719 4427 979 4501 MCCCCXC.
999 4429 1066 4502 lX.
1086 4428 1149 4502 die
1172 4427 1285 4514 XIX,
1308 4429 1516 4505 Februarii.
1539 4431 1651 4506 Char.
1675 4435 1778 4534 goth.
1805 4438 1971 4514 minusc.'

355 4571 443 4621 cum
459 4545 544 4646 lign.
562 4545 639 4620 foll.
662 4551 717 4635 ιζ.
738 4569 815 4618 non
830 4545 922 4642 ¹ltgn.
947 4545 1009 4618 lin.
1028 4545 1085 4618 38.
1106 4552 1141 4634 4.

545 4723 944 4803 PaazeriAnnshTypogr.
973 4725 1045 4780 ΤΔ.
1073 4744 1102 4800 p.
1113 4723 1178 4781 526.
1202 4725 1241 4782 N.
1252 4725 1315 4803 5²7:
1340 4727 1443 4783 Maus,
1465 4746 1494 4804 p.
1511 4722 1574 4802 708.
1695 4705 1705 4714 ⁰

1538 4879 1669 4953 Bba
