4696 5860
761 633 1001 696 cArALooth
1027 635 1402 698 muttoonarfflcus
1428 637 1552 696 unul.
1715 689 1726 702 ,
1905 627 1951 698 15

357 812 462 887 ribus
485 812 662 914 plurimis
683 810 937 886 emendatum.
966 813 1081 887 Anno
1105 813 1286 888 milefimo
1307 814 1606 913 quingentefimo
1635 813 1750 889 tertio
1772 816 1951 915 vigelimo

266 911 269 921 ¹
357 931 424 1004 lx.
444 929 578 1004 meniis
602 928 851 1028 Septembris.
867 972 918 986 -
933 929 998 1004 fol.
1019 931 1156 1004 eodem
1170 930 1206 1003 b.
1217 973 1264 988 ·-
1282 917 1431 1003 Tabula
1458 929 1737 1004 distinctionum
1762 947 1800 1006 et
1819 931 1954 1008 descri-

357 1047 536 1146 ptionum
549 1045 662 1119 huius
681 1043 825 1117 libri-
843 1044 976 1134 folda.
993 1045 1056 1118 lin.
1069 1053 1126 1143 47.
1149 1045 1244 1118 linis.
1267 1046 1379 1120 Clr'ar.
1399 1045 1500 1144 goth.
1521 1044 1673 1119 minulc.
1695 1046 1772 1121 foll.
1789 1047 1847 1146 39.
1866 1047 1952 1148 lign.

356 1162 389 1236 3.
414 1187 495 1260 non
514 1161 600 1260 lign.
623 1160 686 1234 lin.
705 1160 807 1234 55.f.
952 1165 954 1171 '

545 1300 605 1355 Hic
622 1295 754 1354 Libellus
772 1315 825 1352 nee
842 1316 859 1352 a
875 1298 1048 1354 Maittairr‘o
1067 1313 1117 1356 sut
1132 1300 1265 1356 Porrecto
1286 1299 1436 1354 reeeniitue
1447 1297 1522 1365 init,
1542 1317 1595 1356 uec
1612 1300 1645 1354 in
1662 1297 1802 1375 catalogis
1810 1297 1953 1358 librom

557 1410 564 1426 ·
642 1391 789 1446 rariorum
803 1390 962 1448 invenitur.
1235 1381 1242 1414 ²

451 1577 569 1654 36.-
586 1577 688 1651 Petn'
701 1575 931 1652 Rauennatis
948 1577 1030 1652 ltali
1045 1577 1235 1653 Pontificii
1255 1578 1333 1654 Ces.
1352 1577 1457 1654 Juris
1481 1577 1649 1653 doctoris
1662 1594 1729 1652 etc.
1745 1600 1860 1651 aurea
1873 1600 1953 1650 non

354 1695 458 1769 nulla
476 1693 653 1794 opuscula
670 1695 808 1797 cuique
818 1693 922 1769 Juris
939 1693 1192 1769 studiofillimo
1211 1691 1440 1796 oppidoque
1451 1692 1660 1768 neceliaria.
1688 1693 1788 1766 Cum
1805 1690 1954 1766 duobus

354 1808 517 1885 distichis
536 1811 584 1887 ad
599 1812 823 1886 Sacerdotes
845 1825 884 1905 et
901 1810 1062 1884 lectores
1080 1811 1120 1885 in
1137 1810 1295 1911 persona
1312 1811 1496 1886 libelli-
1512 1811 1618 1884 Haec
1638 1809 1677 1882 in
1703 1808 1889 1882 fronte-
1909 1809 1957 1883 ad

355 1927 471 2002 finem
490 1925 553 2001 fol.
568 1932 626 2027 49.
636 1953 717 2000 non
733 1927 819 2026 fign.
837 1926 899 2000 lin.
917 1927 970 2000 16.
982 1925 1204 2027 lmprellum
1219 1926 1414 2024 Ersordr'ae
1423 1953 1494 2027 per
1510 1922 1770 2029 Wolfffaqum
1781 1923 1951 2000 Schenclt.
2089 1977 2092 1990 .

355 2045 471 2118 Anno
498 2044 657 2120 Domini
684 2043 866 2118 mileslmo
890 2042 1190 2143 quingentefirno
1214 2045 1344 2119 tercio.
1370 2069 1458 2118 curn
1483 2042 1609 2142 inflgn.
1637 2041 1807 2143 Typogr.
1826 2045 1894 2118 W.
1918 2039 1957 2117 8.
2096 2091 2097 2094 =

356 2159 467 2236 Char.
491 2159 594 2260 goth.
610 2159 707 2233 ron.
727 2165 785 2257 49.
802 2159 870 2234 lin.
889 2160 948 2257 37.
974 2166 1008 2251 4.

545 2300 673 2355 namra
688 2296 793 2366 annu.
811 2299 944 2374 rypogr.
965 2299 1001 2354 r.
1017 2297 1045 2354 6.
1066 2299 1170 2376 949⁵.
1185 2299 1224 2356 rt.
1242 2293 1271 2356 o.

237 2575 246 2592 .
451 2485 568 2582 37.-
586 2487 700 2559 Liber
714 2484 877 2584 Ilbssalis
892 2485 957 2573 (lic
986 2485 1237 2562 verisimiliter
1268 2485 1381 2560 debet
1400 2483 1470 2559 elle
1490 2483 1644 2558 Titulus
1665 2482 1778 2556 huius
1802 2482 1951 2581 operis,

358 2601 425 2700 qui
446 2603 654 2700 exemplari
671 2627 759 2676 meo
781 2601 893 2697 deest)
911 2601 974 2674 iol.
997 2606 1023 2675 l.
1041 2602 1127 2700 iign.
1146 2602 1216 2676 litt.
1239 2601 1433 2676 Romanis.
1460 2599 1594 2699 incipit
1618 2597 1714 2672 liber
1732 2595 1884 2672 Millalis
1903 2597 1957 2671 se-

292 2718 298 2728 “
357 2715 525 2790 cundum
554 2717 716 2798 chorum
739 2717 994 2816 pataviensem
1009 2757 1060 2778 ι·-
1082 2717 1263 2792 adfinem
1288 2717 1352 2793 fol.
1373 2717 1456 2791 303.
1477 2716 1512 2790 b.
1532 2714 1586 2788 lin
1617 2720 1670 2803 14.
1691 2739 1789 2813 opus
1808 2713 1899 2788 illud
1915 2713 1958 2786 li·

355 2830 517 2907 brorum
543 2829 740 2906 millalium
772 2859 846 2934 pro
875 2833 1101 2908 Patavienlis
1129 2833 1301 2910 ecclefiae
1328 2835 1407 2909 ritu
1432 2829 1660 2932 imprellum.
1688 2831 1820 2930 Opera
1847 2857 1955 2906 exac-

355 2963 441 3022 tum
460 2952 509 3022 est
531 2965 570 3024 et
590 2948 759 3048 expenfis
776 2949 942 3024 Erhardi
959 2951 1097 3025 Radolt
1110 2951 1294 3050 Augustae
1310 2952 1561 3026 vtirddicomm
1578 2946 1834 3048 imprcfforiae
1846 2946 1952 3020 Artis

355 3063 593 3163 vulgatillimi
612 3066 727 3141 Anno
754 3066 893 3142 Salutis
913 3067 1126 3144 dominicae
1150 3054 1333 3143 milellmo
1351 3061 1651 3168 quingentelimo
1675 3063 1796 3140 tercio
1816 3064 1952 3165 quinto

355 3179 485 3255 Nonas
499 3182 628 3258 Martii
640 3182 909 3284 e-sequuntur
928 3165 1082 3260 demum
1098 3186 1264 3261 cautelae
1282 3186 1322 3260 in
1334 3182 1600 3259 officiomiffae
1616 3179 1871 3259 observandae
1881 3195 1951 3255 etc.

356 3296 419 3372 sol.
441 3304 474 3389 4.
494 3325 574 3374 non
591 3299 750 3398 signata,
769 3314 808 3375 et
827 3287 891 3373 fol.
909 3301 977 3375 ult.
995 3302 1028 3374 6.
1047 3300 1088 3373 hi
1107 3301 1255 3376 versus:

640 3415 953 3490 ErhardiRadolt
964 3415 1088 3491 felicia
1103 3417 1275 3518 conspice
1294 3416 1394 3516 figna

640 3535 771 3606 testata
786 3532 991 3620 artificem,
1009 3558 1085 3633 qua
1103 3534 1204 3608 valet
1217 3532 1297 3633 ipsa
1314 3557 1480 3606 manum.

358 3645 483 3745 infign.
506 3647 626 3744 majus
643 3633 797 3748 ¹typogr.
820 3647 921 3722 char.
946 3649 1062 3724 Goth.
1078 3651 1207 3746 grand.
1234 3672 1322 3720 cum
1340 3646 1442 3719 notis
1462 3643 1698 3718 mulicalibus
1724 3643 1859 3717 Litter.
1879 3639 1950 3714 ini-

358 3763 510 3838 tialibus
531 3779 570 3836 et
586 3745 792 3864 Epigraph.
818 3765 922 3839 rubr.
941 3765 1018 3839 loll.
1041 3791 1119 3838 102.
1140 3764 1225 3860 iign.
1248 3762 1287 3834 in
1303 3773 1397 3837 toto'
1410 3762 1488 3834 106.
1509 3759 1572 3834 lin.
1591 3766 1624 3849 4.
1645 3753 1793 3856 ’4.Μα5.
1868 3804 1870 3810 «

550 3899 612 3954 Noc
632 3899 767 3974 εἰσῄα
786 3921 838 3956 nec
867 3921 884 3955 a
898 3903 1030 3956 Punzero
1048 3899 1099 3955 hic
1123 3897 1197 3954 libor
1216 3899 1339 3956 Millalis
1357 3899 1504 3956 reconditus
1528 3898 1605 3963 luit,
1624 3895 1798 3952 rarillimum
1822 3890 1953 3966 adeoque

637 3988 722 4042 illum
741 3989 1004 4048 effecsrteconllat.
1089 4045 1091 4052 ,
1626 4010 1630 4018 ·

441 4177 507 4250 38.
519 4215 565 4238 -·
580 4175 801 4273 Hexastr'con
818 4178 1024 4275 Sebasteimi
1039 4181 1159 4255 Brant
1172 4180 1212 4254 in
1235 4177 1502 4258 memorabiles
1522 4172 1841 4272 Evangeliflarum
1858 4171 1950 4269 ligu-

355 4321 416 4370 ras
428 4333 475 4350 ·-
492 4295 622 4368 Jodocr'
634 4295 742 4367 Galli
757 4295 1026 4398 Rubeaquensis
1040 4297 1292 4373 He'xastichon
1308 4311 1346 4370 et
1362 4293 1519 4392 Georgii
1529 4287 1889 4387 Helmisri‘Am'prim'z'
1902 4287 1950 4361 ad

357 4413 562 4486 Lectorem
583 4411 842 4486 Tetrastichon
861 4457 911 4472 ··-
927 4415 1031 4488 Haec
1045 4414 1084 4488 in
1102 4415 1228 4488 fronte
1248 4456 1297 4492 -.-
1312 4412 1374 4486 fot.
1399 4440 1428 4484 1.
1445 4436 1525 4484 non
1540 4409 1626 4510 [ign.
1650 4405 1949 4504 Georgri'llelmr'-

345 4529 406 4624 sii
424 4527 784 4626 Ampz'rm'iEpiflola
803 4530 848 4605 ad
875 4532 1057 4606 lectorem
1076 4571 1122 4588 -
1143 4531 1279 4605 eodem
1302 4530 1364 4604 fol.
1384 4531 1418 4602 6.
1439 4531 1569 4626 lmago
1591 4527 1625 4598 S.
1643 4524 1827 4620 lobannis
1843 4521 1947 4620 ligno
2017 4599 2020 4606 .

356 4644 479 4719 incisa.
506 4645 728 4745 Sequuntur
750 4675 791 4746 19
812 4649 904 4724 aliae
925 4648 1033 4724 —ad
1052 4650 1168 4723 finem
1187 4663 1321 4747 quarta
1344 4648 1449 4720 Luce
1470 4647 1598 4742 lmago
1621 4641 1685 4715 fot.
1712 4663 1768 4735 17·
1796 4637 1831 4710 b.
1859 4662 1947 4712 curn

352 4763 610 4862 peroratione.
636 4763 763 4842 Habes
774 4765 937 4866 ingenue
946 4767 1101 4856 Lector,
1119 4765 1256 4868 quibus
1272 4763 1343 4844 viis
1354 4781 1468 4865 atque
1487 4756 1739 4861 argumentis,
1752 4779 1849 4856 quae
1863 4753 1948 4830 lunt
