4706 5868
387 537 431 667 io
748 589 987 648 carimeris
1013 579 1387 646 nmmocnarrucus
1412 585 1571 646 unxm.

482 765 564 840 203.
583 807 633 826 -
655 767 905 864 Constantinus
919 749 1078 866 Magnata
1094 727 1359 842 Romanorum
1380 765 1614 864 imperatore
1643 763 1783 836 Ioanne
1807 761 1988 836 Reuchlin

236 911 240 916 ·
386 883 588 957 Phorcenli
606 883 943 983 interprete-fol.
955 884 1365 983 2.Reuchlziz1‘Epillola
1379 883 1576 958 adFrider.
1588 880 1775 956 saxoniae
1789 880 1986 953 ducem-.

387 1000 453 1073 fol.
472 1027 524 1073 12.
551 999 614 1073 lin.
628 1002 685 1074 26.
719 1001 905 1100 Tnbr'ngae
924 1001 1026 1100 apud
1056 1001 1229 1075 Romam
1256 1001 1493 1098 Anfhelmnm
1508 999 1716 1114 diodenfim
1741 997 1866 1072 mense
1891 998 1987 1094 Aug.

388 1117 443 1190 M.
452 1117 500 1192 D.
509 1116 614 1190 Xlll.
637 1117 748 1191 Char.
766 1118 826 1192 lat.
847 1118 955 1193 nitid.
976 1118 1288 1216 loH.12.n.lign.
1311 1119 1374 1193 lin.
1392 1119 1451 1192 36.
1475 1123 1509 1206 4
2079 1129 2084 1134 ’

580 1257 709 1310 Pauori
725 1257 830 1310 Annal.
847 1257 979 1332 Typogr.
998 1257 1032 1310 Τ.
1040 1251 1067 1312 8.
1087 1257 1188 1330 p-5a4
1206 1257 1244 1310 N.
1254 1273 1298 1310 22.

463 1427 567 1522 ι204.
586 1459 634 1476 -
650 1422 795 1518 Angeli
807 1422 992 1496 Politrimi
1010 1437 1049 1494 et
1066 1423 1229 1496 aliorum
1246 1423 1442 1496 illustrium
1463 1423 1651 1496 Virorum
1670 1421 1920 1520 Epiflolarum
1946 1417 1989 1492 li-

387 1541 450 1614 bri
469 1537 726 1610 duodecim·
738 1537 908 1611 eiusdem
918 1537 1102 1638 praefatio
1122 1538 1162 1610 in
1180 1537 1989 1640 SuetoniiTranquiliexpolltionem-Lec-

390 1671 455 1728 tor
470 1679 576 1739 erne,
603 1653 683 1750 lege
700 1670 737 1727 et
753 1655 942 1750 gaudebis.
962 1698 1012 1712 -
1026 1655 1129 1728 Haec
1148 1654 1186 1728 in
1204 1655 1330 1732 fronte
1346 1700 1397 1714 —
1415 1683 1504 1730 cum
1528 1656 1658 1755 inllgni
1676 1672 1829 1756 typogr.
1856 1653 1988 1726 -fot

393 1770 477 1845 eod.
494 1769 529 1844 b.
550 1769 702 1882 epistola
720 1771 758 1844 8.
776 1745 980 1847 Mirrhiad
997 1771 1186 1846 studiosos.
1205 1814 1251 1828 —
1266 1774 1330 1848 fol.
1352 1775 1429 1873 193.
1451 1774 1486 1848 b.
1514 1773 1579 1848 lin.
1599 1799 1656 1846 20.
1681 1773 1921 1870 Argentorati
1941 1795 1988 1842 ex

392 1888 548 1964 officina
571 1888 812 1962 Schuren'ona
830 1891 953 1965 mense
976 1891 1141 1988 Augusto
1167 1889 1281 1964 Anno
1302 1893 1354 1966 M.
1371 1891 1421 1963 D.
1438 1887 1541 1963 Xlll.
1562 1915 1665 1987 regn.
1688 1886 1789 1962 Caes.
1814 1888 1990 1961 Martini-

391 2004 493 2078 liano
512 2005 553 2079 P.
570 2007 609 2080 F.
622 2007 719 2104 Aug.
741 2008 924 2106 Sequitur
941 2009 979 2080 in
998 2007 1226 2081 Suetonium
1234 2007 1426 2108 Expofitio
1442 2035 1539 2107 quae
1558 2005 1640 2078 finit
1663 2004 1726 2077 fot.
1754 2028 1832 2074 101.
1854 2003 1888 2075 b.
1909 2029 1988 2075 non
2008 2017 2012 2025 '

395 2122 480 2221 fign.
497 2122 561 2196 lin.
586 2122 639 2196 13.
662 2123 740 2197 dixi
765 2125 811 2198 T.
831 2123 878 2198 Ο.
896 2125 1012 2202 Char.
1023 2125 1083 2197 lat.
1108 2124 1236 2223 grand.
1252 2124 1329 2197 foll.
1355 2125 1432 2224 193.
1451 2124 1538 2222 lign.
1556 2123 1595 2194 in
1609 2139 1692 2196 toto
1719 2123 1795 2194 105.
1813 2119 1985 2206 liudolf.
2098 2175 2104 2184 .

586 2262 714 2318 Panzeri
729 2263 834 2318 Annal.
854 2264 985 2338 Typogr.
1005 2263 1041 2325 T.
1051 2262 1077 2319 6.
1093 2282 1120 2338 p.
1137 2261 1182 2318 62.
1202 2263 1239 2318 N.
1249 2263 1312 2338 269.

327 2503 333 2512 .
451 2483 458 2500 .
487 2433 571 2507 205.
588 2473 639 2490 -
661 2432 824 2506 Valeriis
844 2431 1031 2506 Maximus
1055 2457 1144 2506 cum
1165 2431 1452 2509 Commentario
1470 2429 1646 2504 historico
1666 2428 1843 2503 videlicet
1868 2453 1911 2501 ac
1931 2417 1990 2498 lit-

388 2550 531 2624 terario
549 2551 704 2624 onaan·
718 2549 1007 2649 Arzignanensis
1026 2566 1065 2624 et
1079 2549 1256 2624 familiari
1274 2550 1482 2624 admodum
1498 2574 1540 2622 ac
1557 2545 1723 2622 succinto
1741 2547 1867 2620 lodoci
1880 2531 2012 2618 Bada*

389 2667 543 2764 Ascensi
556 2667 622 2768 qui
642 2685 805 2768 quatuor
826 2683 864 2742 et
877 2667 1013 2767 viginti
1031 2669 1215 2768 Exempla
1232 2668 1374 2743 Aldino
1391 2666 1570 2765 Auspicio
1587 2691 1711 2765 nuper
1728 2666 1881 2738 inventa
1897 2659 1992 2734 lirni-¹

388 2782 415 2852 li
442 2782 775 2856 Commentatione
803 2783 1016 2857 declaravit.
1041 2801 1079 2857 et
1096 2800 1221 2860 toturn
1242 2811 1340 2883 opus
1361 2784 1512 2881 gemina
1529 2783 1690 2858 tabella:
1722 2783 1839 2856 altera
1865 2777 1992 2851 titulo-

388 2922 478 2972 rum
505 2897 622 2970 altera
648 2896 862 2970 litterarum
891 2899 1024 2974 ordine
1041 2899 1262 2972 illustravit:
1288 2900 1423 2972 additis
1450 2900 1647 3000 Theophili
1660 2894 1990 2972 lucubrationibus.

388 3015 559 3086 Necnon
570 3038 669 3110 pene
680 3012 776 3086 vivia
789 3012 1014 3112 imaginibus
1028 3043 1035 3086 :
1055 3041 1151 3114 quae
1164 3010 1376 3112 priscorum
1392 3019 1489 3111 gesta
1504 3017 1648 3100 referre
1659 3015 1847 3089 videntur.
1861 3011 1992 3109 lnlign.

387 3129 559 3228 Typogr.
580 3129 803 3227 cumgratia
824 3129 1090 3230 et'privilegio.
1104 3173 1145 3188 -
1157 3130 1262 3201 Haec
1278 3130 1407 3203 omnia
1423 3130 1461 3201 in
1478 3130 1605 3204 sroute
1625 3131 1695 3202 col.
1707 3132 1810 3202 rubr.
1820 3128 1992 3226 nigro.—

387 3247 611 3347 Sequuntur
628 3244 737 3345 Epist.
757 3261 794 3320 et
809 3246 957 3322 Tabula
978 3246 1058 3320 loll.
1080 3271 1161 3320 non
1182 3245 1268 3342 fign.
1291 3273 1344 3318 12.
1361 3287 1411 3304 -
1431 3245 1617 3342 Prologus
1640 3245 1704 3318 fol.
1726 3271 1754 3317 ι.
1773 3243 1988 3340 fign-lol
2073 3309 2077 3320 .

387 3363 470 3436 213.
489 3361 525 3435 h.
546 3360 609 3436 lin.
629 3363 685 3436 58.
704 3361 920 3462 imprellum
935 3364 1091 3437 Wnetiis
1106 3388 1176 3464 per
1190 3361 1304 3438 D.lic.
1324 3363 1412 3436 Ant.
1433 3360 1480 3435 de
1499 3361 1642 3434 Gzirmo.
1655 3357 1989 3434 AnnoM.D.Xlll.

389 3479 450 3554 die
467 3477 557 3552 XX.
577 3479 713 3553 Mensis
731 3479 896 3579 Augusti.
909 3479 1021 3554 Char.
1038 3482 1099 3555 lat.
1119 3479 1248 3578 grand.
1263 3479 1301 3553 in
1316 3495 1433 3554 textu.
1454 3478 1544 3552 min.
1563 3477 1602 3551 in
1617 3477 1830 3551 Comment.
1848 3476 1990 3576 figurae

388 3605 430 3671 et'
441 3589 511 3670 litt.
534 3595 613 3682 init.
634 3594 734 3669 incil.
750 3594 883 3695 glollae
907 3622 1024 3696 marg.
1039 3597 1116 3672 foll.
1137 3597 1219 3671 213.
1240 3596 1327 3697 sign.
1351 3624 1402 3670 12.
1420 3621 1500 3671 non
1519 3596 1604 3696 lign.
1626 3595 1712 3668 Lin.
1730 3593 1770 3668 in
1790 3609 1898 3668 textu
1924 3593 1988 3667 sol.

386 3713 455 3788 ult.
474 3712 510 3787 b.
530 3737 589 3786 ar.
607 3710 646 3786 in
664 3712 812 3787 Comm.
833 3712 891 3788 63.
908 3713 932 3786 f.

580 3852 709 3906 Panaeti
723 3851 827 3906 Annal.
847 3853 978 3928 Typogr.
999 3853 1034 3907 Τ.
1044 3847 1071 3908 8.
1090 3853 1190 3928 Μιδ.
1209 3853 1247 3910 N.
1257 3852 1321 3928 646.

484 4019 567 4094 206.
585 4058 629 4074 -
645 4019 704 4090 En
724 4019 795 4092 tibi
807 4022 919 4092 lector
939 4019 1203 4094 candidillime.
1230 3989 1458 4095 Macrobius:
1483 4023 1649 4096 inantea
1674 4045 1849 4096 mancus:
1876 4017 1989 4092 muti-

385 4135 460 4208 lua:
478 4161 522 4209 ae
537 4137 639 4208 lacer
655 4135 993 4210 circumferebatur
1011 4162 1113 4209 nunc
1130 4137 1299 4236 primurn
1316 4137 1483 4236 integer:
1501 4137 1644 4212 nitidus
1661 4165 1705 4214 ac
1723 4136 1790 4211 l'uo
1800 4135 1917 4208 nitori
1929 4161 1988 4207 re·
2140 4177 2152 4188 .

384 4249 531 4324 stitutus
551 4249 687 4351 inquo
709 4278 864 4351 graecae
885 4227 1080 4363 majestatis
1099 4251 1259 4352 dignitas
1278 4281 1355 4354 quo
1376 4255 1421 4328 ad
1449 4253 1531 4328 eius
1555 4255 1637 4330 fieri
1655 4253 1784 4354 potuit
1808 4251 1988 4351 superstes

384 4365 540 4466 reperit.
558 4367 595 4463 †.
615 4367 775 4442 Ioannes
793 4371 920 4443 Baitios
939 4369 1132 4444 recensuit.
1150 4371 1276 4470 infign.
1296 4387 1446 4473 typogr.
1462 4415 1512 4430 —
1528 4373 1632 4446 Haec
1653 4371 1693 4444 in
1711 4370 1855 4445 fronte:
1875 4369 1987 4442 litter.

248 4555 251 4564 ,
385 4481 511 4556 rubria
533 4523 582 4540 -
599 4483 760 4582 Epistola
779 4487 907 4561 Ioann.
926 4487 1028 4560 Boii
1047 4487 1186 4562 Veneti
1205 4487 1251 4562 ad
1277 4489 1502 4588 Raphoelem
1518 4488 1692 4588 Regium.
1715 4529 1765 4544 -
1791 4486 1905 4559 index
1924 4513 1990 4558 vo-

386 4598 619 4673 cabulorum.
641 4641 687 4654 ·-
711 4598 774 4672 fol.
798 4628 825 4673 1.
854 4603 915 4676 lin.
936 4631 993 4698 27.
1014 4605 1224 4708 Somnium
1247 4607 1435 4706 Scipioni.
1464 4649 1514 4662 -
1539 4605 1603 4678 fol.
1629 4604 1789 4678 CXXII.
1813 4601 1995 4676 Macrobii

386 4715 534 4790 Aurelii
546 4714 620 4792 viri
641 4713 844 4791 consularis
862 4735 899 4793 et
917 4719 1063 4795 illustria
1082 4720 1375 4798 saturnaliorum
1395 4721 1481 4795 libri
1495 4721 1647 4798 noviter
1665 4715 1850 4816 recogniti
1865 4731 2009 4816 etc-7
