4706 5868
756 705 996 766 comosus
1022 703 1399 764 nmmoonarmcus
1425 707 1550 765 Mnx1.
1911 701 1956 800 57

353 855 446 964 loeis
467 915 489 962 a
514 885 742 987 quibusdam
762 899 1008 984 repravatum
1032 908 1132 956 anno
1159 883 1234 956 iam
1258 884 1548 958 MCCCCCXI.
1575 884 1691 972 tertio
1710 913 1830 966 nonas
1847 895 1958 972 Febr.

355 1005 529 1078 Coloniae
545 1003 584 1074 in
604 999 850 1076 laudatillima
867 999 1022 1074 officina
1038 998 1281 1097 ingeniorum
1300 1001 1467 1073 liliorum
1486 1001 1655 1102 Quentell
1667 1003 1778 1104 longe
1798 1012 1956 1109 politius

351 1137 465 1221 atque
483 1118 688 1220 perfectius
718 1123 768 1193 est
786 1135 1001 1214 exaratum.
1037 1117 1149 1191 Char.
1175 1117 1277 1215 goth.
1297 1117 1386 1192 min.
1413 1117 1490 1190 soll.
1513 1125 1572 1206 42.
1602 1120 1666 1196 lin.
1688 1122 1745 1196 32.
1772 1125 1955 1225 interject.

353 1237 489 1337 spatiis.
515 1243 549 1326 4.

541 1375 668 1434 Ραιιιενί
685 1373 788 1429 Annal.
809 1372 942 1448 Typogr.
960 1373 995 1428 Τ.
1005 1370 1031 1427 6.
1048 1392 1076 1447 p.
1087 1371 1150 1444 371.
1168 1369 1205 1426 N.
1217 1371 1280 1428 215.
1302 1373 1435 1428 Clamant.
1454 1375 1524 1447 T.4
1541 1376 1644 1451 11436.
1660 1377 1730 1434 dans
1754 1377 1785 1433 la
1803 1397 1886 1451 nots;
1916 1402 1955 1440 on

639 1467 772 1522 conserve
790 1481 842 1520 etc.

451 1658 530 1747 164.
546 1698 596 1720 ι-
622 1657 851 1758 Quodnirism
870 1654 1094 1726 Gramau’ces
1116 1653 1270 1728 Ioannis
1291 1655 1469 1730 Cocblnei
1480 1655 1615 1729 Norici
1632 1659 1772 1734 artium
1790 1663 1956 1764 Magistri

350 1775 611 1874 Nonnbergae
624 1801 749 1875 nuper
768 1771 1032 1848 elucubratum
1045 1773 1137 1871 (pro
1145 1770 1345 1848 iuventute
1356 1771 1521 1848 scholae
1532 1774 1831 1878 laurentiannae)
1846 1808 1958 1881 prae·
2053 1871 2062 1889 .

346 1894 476 1970 lertim
489 1905 611 1968 novae
630 1893 786 1966 domus:
803 1917 877 1991 pro
897 1887 1214 1964 mansuetioribus
1230 1889 1367 1964 litteris
1388 1894 1616 1966 exstructae:
1648 1893 1753 1994 quod
1776 1897 1863 1972 Deo
1892 1927 1957 1974 au-

343 2011 445 2112 spice
463 2037 565 2086 nunc
580 2011 705 2124 prima
733 2007 789 2083 lui
812 2008 978 2083 editione
998 2007 1284 2105 calcographiae
1311 2008 1533 2082 mandatum
1564 2009 1610 2084 ad
1633 2007 1763 2087 felices
1784 2016 1955 2115 primum

341 2129 550 2227 juventutis
559 2127 814 2226 bitrembergis
822 2157 835 2198 .·
861 2125 997 2201 deinde
1023 2141 1264 2199 caeterorum
1289 2123 1466 2198 successus
1488 2127 1805 2206 scholasticorum
1833 2133 1873 2206 in
1900 2135 1957 2209 lu·

346 2273 430 2320 cem
449 2245 630 2320 emititur.
648 2287 698 2302 ·-
715 2246 820 2319 Haec
838 2244 878 2316 in
898 2243 1024 2318 fronte
1044 2267 1136 2315 cum
1158 2247 1191 2330 4.
1212 2241 1378 2316 verfibus
1403 2244 1556 2317 Horatii
1578 2246 1620 2340 in
1642 2262 1722 2322 arte
1747 2249 1899 2349 poetica
1918 2267 1957 2326 et

346 2363 611 2463 explanatione
638 2378 804 2463 quatuor
821 2361 990 2460 partium
1009 2358 1221 2455 Quadrivii.
1236 2402 1281 2418 -
1301 2359 1365 2432 fol.
1393 2360 1476 2434 eod.
1504 2360 1596 2434 Ioan
1624 2364 1775 2436 cochlei
1791 2367 1955 2465 Epistola

341 2481 527 2578 regillum}
544 2480 662 2553 totius
693 2476 948 2578 quadrivii-
981 2475 1045 2548 fol.
1068 2503 1096 2547 1.
1130 2475 1386 2570 Quadrivium
1407 2519 1456 2580 -7
1478 2476 1543 2552 fol.
1566 2479 1623 2576 93.
1647 2478 1683 2552 b.
1711 2479 1774 2553 lin.
1793 2483 1851 2556 26.
1879 2483 1950 2557 im-

344 2595 510 2696 prelium
528 2601 576 2669 est
592 2596 667 2668 hoc
687 2592 942 2690 Quadrivium
961 2591 1222 2690 Norimbergae
1237 2619 1259 2666 a
1275 2592 1415 2665 Ioanne
1435 2591 1581 2666 Struhs:
1606 2596 1720 2669 Anno
1741 2597 1954 2674 dominicae

345 2710 616 2786 incarnationis
636 2709 818 2784 milelimo
838 2706 1137 2809 quingentesimo
1160 2709 1364 2783 undecimo
1388 2709 1576 2786 Kalendas
1602 2711 1748 2789 Marcii.
1767 2757 1817 2772 —
1839 2715 1952 2793 Char.

347 2829 519 2928 goth..-
539 2829 623 2903 Lat.
643 2827 776 2927 glollae
792 2825 950 2924 margin.
969 2825 1046 2900 foll.
1065 2825 1150 2924 fign.
1164 2826 1221 2924 93.
1242 2825 1305 2902 lin.
1323 2833 1381 2916 42.
1401 2834 1435 2916 4.

513 2965 783 3040 ‚PomerilAnnaL
802 2963 947 3040 Typogrl·
956 2965 991 3020 T.
1001 2985 1028 3039 7.
1045 2983 1075 3038 p.
1084 2973 1147 3040 449.
1167 2963 1204 3020 N.
1216 2985 1262 3038 71.
1379 2999 1384 3004 -

443 3157 521 3228 165.
538 3196 586 3211 —
604 3155 732 3226 Publii
748 3153 908 3225 Terentii
926 3153 1116 3225 Comedrire
1132 3176 1220 3226 cum
1244 3154 1552 3260 annotationibus
1572 3157 1675 3232 Petri
1698 3159 1817 3258 Marsi
1830 3179 1868 3239 et
1888 3165 1953 3238 Pe·
2074 3201 2081 3222 .

340 3273 417 3346 culi
431 3272 590 3344 Maleolz'
601 3270 641 3344 in
658 3270 814 3370 lingulas
831 3271 954 3343 scenas
972 3257 1069 3342 curnX
1083 3269 1207 3344 indice
1227 3269 1438 3344 dictionum
1454 3271 1518 3345 leu
1534 3276 1807 3353 vocabularum
1818 3322 1868 3336 -
1883 3281 1953 3354 Di-

341 3389 484 3463 stichon
503 3388 550 3463 ad
566 3389 782 3463 Lectorem.
804 3427 847 3444 -
871 3387 974 3460 Haec
1003 3387 1043 3460 in
1063 3387 1189 3460 fronte
1209 3385 1346 3460 litteris
1375 3388 1639 3488 rubro-nigris.
1666 3392 1729 3466 fol.
1755 3394 1837 3468 eod.
1859 3398 1952 3496 Epi·

340 3509 430 3581 stola
445 3507 561 3580 Pauli
573 3507 747 3579 Malleoli
773 3504 1037 3579 Andelacenlis
1053 3503 1100 3578 ad
1122 3503 1313 3577 lloberrum
1335 3501 1516 3600 Gogr'reum
1544 3523 1743 3583 oratorum
1762 3552 1807 3568 -
1832 3515 1895 3588 fol.
1916 3542 1949 3590 2.

340 3624 749 3699 indexvocabulorum.
766 3621 828 3695 fol.
843 3620 1059 3712 5.Terentii
1079 3619 1285 3696 vita-fol.
1299 3646 1328 3716 7.
1350 3619 1396 3692 de
1412 3620 1580 3718 tragedia
1598 3638 1636 3695 et
1647 3625 1819 3703 comedia
1830 3647 1950 3704 etc.-

338 3740 488 3814 loll.1o.
508 3765 588 3815 non
603 3740 690 3838 llgn.
720 3736 885 3810 Terentii
898 3737 1156 3837 Epitaphium.
1179 3736 1241 3808 fol.
1258 3763 1286 3808 1.
1306 3737 1392 3834 llgn.
1415 3737 1700 3835 Argumentum
1716 3744 1884 3838 Andriae
1901 3791 1949 3806 -

339 3856 504 3930 lol.120.
530 3856 592 3930 lin.
612 3857 669 3929 28.
699 3853 895 3955 imprellae
912 3853 1114 3950 Argentrire
1136 3879 1207 3952 per
1227 3849 1423 3926 Mamimm
1448 3853 1562 3926 nach
1589 3839 1763 3957 impenlls
1796 3861 1949 3934 Ioannis

295 4051 297 4057 ¹
340 3971 555 4045 Knoblouch
585 3973 699 4045 Anno
724 3971 776 4044 Μ.
794 3971 842 4043 D.
862 3971 929 4044 Xi.
958 3969 1017 4042 die
1040 3969 1224 4044 Mercurii
1249 3974 1329 4069 post
1347 3971 1494 4044 Festum
1513 3970 1770 4073 aliumptionis
1803 3979 1947 4054 Mariae
2058 4011 2068 4019 ·

333 4087 522 4188 Virginis.
543 4087 654 4162 Char.
679 4087 781 4186 goth.
802 4087 935 4186 glollae
951 4087 1147 4186 marginal.
1166 4086 1239 4160 loll.
1258 4085 1343 4188 fign.
1360 4112 1435 4160 120.
1455 4087 1516 4161 lin.
1529 4089 1586 4162 30.
1600 4096 1633 4180 4.

534 4228 661 4282 Panaeti
676 4219 931 4302 Annal.'Typog1.
949 4229 984 4282 Τ.
1003 4225 1029 4282 6.
1047 4247 1076 4302 p.
1089 4225 1191 4298 51.,N.
1202 4242 1265 4284 210.

441 4397 519 4470 166.
536 4437 586 4452 -
602 4397 835 4480 Mamotretus
848 4393 960 4494 super
983 4393 1154 4468 Br'bliom.
1175 4437 1225 4452 -
1251 4395 1412 4474 Haecin
1436 4394 1575 4470 fronte.
1596 4398 1660 4472 fol.
1680 4400 1816 4478 codem
1836 4403 1869 4495 b.
1882 4405 1946 4484 ,irt-

341 4513 435 4613 cipit
449 4513 713 4588 vocabularius
735 4513 774 4586 in
794 4513 1093 4600 Mamotrcctum
1107 4511 1311 4585 secundum
1330 4511 1504 4586 ordinem
1524 4515 1714 4615 alphabeti
1726 4520 1849 4596 -fot
1865 4549 1942 4620 ¹7¹·

338 4630 375 4704 b.
395 4630 457 4705 lin.
474 4630 532 4704 33.
551 4629 759 4729 expliciunt
785 4628 1036 4728 exposltioncs
1061 4643 1100 4702 et
1122 4627 1379 4703 correctiones
1403 4630 1696 4721 vocabulorum,
1726 4638 1792 4738 qui
1816 4641 1944 4740 appel-

278 4819 282 4826 .
337 4749 463 4822 lantur
480 4749 730 4821 Mamotrectus
746 4747 900 4833 biblne,
920 4771 1035 4854 quam
1055 4744 1217 4820 aliorum
1233 4744 1492 4844 plurimorum
1512 4748 1708 4825 librorum.
1726 4754 1943 4854 imprellum

340 4868 448 4940 Metz's
471 4893 570 4940 anno
602 4865 748 4940 domini
776 4864 961 4940 Milefimo
990 4862 1288 4965 quingentclimo
1321 4865 1536 4940 undecimo.
1559 4868 1619 4942 die
1640 4867 1679 4942 X
1696 4869 1854 4971 septimo
1874 4873 1942 4947 Fe—

441 4985 516 5058 Vol.
534 4985 583 5060 II.
1522 4983 1559 5055 Η
