4706 5868
419 651 468 756 16
824 689 1064 746 crrnnocus
1088 684 1463 746 mauoonarmcos
1489 683 1627 741 0000·
1739 701 1741 706 -

421 867 621 966 praeterea
636 864 682 938 de
702 867 892 950 numeris,
913 865 1147 963 ponderibus
1169 881 1207 938 et
1224 849 1419 950 mensuris,
1439 864 1484 938 de
1507 863 1902 962 praeexercitamentis
1920 863 2019 938 Rhe·
2057 915 2061 934 .

292 983 299 992 ’
422 982 585 1065 toricae,
620 981 666 1054 dc
693 982 858 1054 verslhus
884 981 1060 1069 comicis,
1085 983 1131 1055 de
1164 981 1506 1066 declenationibus‚
1532 1007 1603 1053 nec
1630 1005 1709 1053 non
1736 980 1781 1053 de
1803 979 1871 1052 sstu
1895 979 2019 1066 orbis,
2102 1023 2105 1028 ·

423 1099 553 1172 omnia
576 1099 719 1198 quippe
745 1096 1015 1172 accuratiffime
1041 1098 1248 1173 emendata.
1271 1141 1315 1156 -·
1333 1099 1436 1171 Haec
1466 1097 1504 1170 in
1531 1097 1718 1172 fronte-
1738 1096 1801 1170 fot.
1828 1095 1963 1170 eodem
1980 1098 2018 1170 b.

421 1211 584 1314 Epistola
612 1216 786 1288 Danielis
819 1213 987 1314 cajetdm'
1008 1215 1260 1290 cremonenlrs
1288 1215 1334 1292 ad
1359 1194 1543 1290 Andream
1570 1216 1754 1290 Mocem'co
1773 1215 1872 1288 Patr.
1900 1217 2018 1288 Vene-

420 1347 514 1405 tum.
526 1372 569 1389 ·-
591 1331 654 1404 fol.
670 1359 702 1404 2.
723 1333 968 1430 Prologus-
985 1331 1047 1404 fol.
1065 1333 1147 1404 382.
1167 1331 1230 1404 lin.
1247 1333 1304 1420 48.
1325 1330 1542 1430 imprellurn
1561 1332 1716 1403 Venetus
1730 1331 2016 1430 perPlu'lrppum
2167 1345 2170 1348 '

419 1431 582 1536 Pincrirrn
601 1449 839 1520 Mantuanum
870 1447 921 1521 M.
931 1449 1056 1520 D.1X.
1085 1447 1145 1522 die
1164 1449 1241 1520 XV
1245 1452 1269 1520 1.
1293 1447 1529 1546 Septembris
1546 1445 1593 1518 D.
1612 1446 1659 1518 D.
1672 1447 1863 1518 Leonardo
1880 1447 2015 1518 Laure-

419 1567 516 1638 dano
534 1564 786 1638 Venetiarum·
804 1566 913 1638 Duce
939 1563 1167 1638 lerenissimo
1195 1565 1416 1665 imperante.
1439 1563 1630 1663 Sequitur.
1657 1562 1719 1636 101.
1747 1547 1830 1636 eod.
1852 1563 1892 1634 B.
1918 1545 2015 1659 regi-

419 1667 544 1754 llrur'n.
573 1679 684 1754 Char.
702 1682 763 1754 lat.
784 1680 911 1779 grand.
930 1681 969 1752 in
988 1697 1094 1754 textu
1120 1680 1298 1754 mediocr.
1319 1681 1358 1755 in
1374 1694 1576 1754 comment.
1601 1678 1734 1778 glollae
1760 1679 1917 1777 margin.
1936 1679 2012 1752 1011.
2052 1667 2055 1678 ’

420 1795 502 1869 283.
520 1812 727 1872 numerata.
747 1797 809 1870 lin.
829 1806 888 1886 44.
909 1797 948 1870 10
960 1813 1055 1896 text.
1073 1799 1130 1872 62.
1149 1797 1174 1869 f.
1196 1825 1245 1870 ex
1261 1799 1469 1871 collectione
1480 1796 1716 1871 Herbz'zicma.

609 1937 737 1991 Panaeti
753 1935 859 1992 Annal.
875 1936 1005 2012 Typogr.
1024 1937 1060 1992 T.
1068 1931 1096 1991 8.
1113 1953 1142 2012 p.
1157 1935 1224 2011 396.
1237 1936 1275 1992 N.
1288 1949 1354 2010 477.
1452 1927 1456 1938 ¹

519 2105 596 2178 132.
608 2146 659 2162 -
668 2101 1129 2204 Accrpr'testudrosiomnes
1139 2105 1233 2178 Auli
1244 2106 1361 2180 Gellii
1374 2122 1505 2180 noctes
1514 2093 1810 2179 nuclntillimas:
1826 2100 2011 2202 inquibus

415 2219 560 2319 vigilias
577 2237 615 2296 et
631 2220 819 2312 somnium
842 2222 1092 2321 peccatillime
1121 2223 1324 2322 reponatis.
1351 2223 1456 2294 Nihil
1480 2223 1583 2296 enim
1610 2221 1648 2294 in
1678 2220 1802 2295 latinis
1825 2220 2013 2317 obstrepet

413 2337 694 2412 inconcinnum.
723 2343 766 2411 ln
786 2338 1097 2438 graecismus,
1118 2340 1262 2442 quippe
1282 2367 1379 2441 quae
1398 2367 1596 2446 nunquam
1615 2338 1772 2412 antehac
1801 2335 1940 2410 fuerint
1954 2361 2012 2408 ac·

414 2456 581 2531 curatius
599 2437 816 2540 emendata,
834 2456 923 2530 hinc
940 2482 1090 2542 rerum,
1106 2472 1144 2531 et
1161 2457 1370 2530 dictionum
1386 2451 1635 2557 speciosarum
1659 2455 1824 2528 indicem
1847 2453 2013 2551 locuple·
2049 2447 2054 2457 ’

411 2572 591 2647 tillimum
608 2574 786 2648 habetote
806 2590 844 2648 et
860 2573 945 2647 libri
962 2575 1065 2647 Vlll.
1082 2600 1200 2675 quem
1215 2574 1464 2648 desideramus
1484 2573 1625 2672 capita:
1639 2571 1903 2672 quaeantehac
1914 2583 2010 2642 nun·
2080 2650 2084 2662 ,

411 2716 528 2788 quarn
544 2691 583 2762 in
603 2692 728 2766 lucem
746 2691 1030 2790 prodierunt-
1047 2691 1145 2767 infra
1161 2693 1286 2790 imago
1304 2692 1341 2764 S.
1364 2691 1466 2790 loon.
1490 2691 1595 2789 Bapt.
1614 2689 1716 2761 Laus
1734 2686 1820 2760 Deo
1833 2713 1919 2760 curn
1932 2686 2011 2786 pri·
2146 2753 2151 2766 ,

409 2805 548 2902 vilegio
563 2851 607 2864 -
624 2807 688 2880 fol.
706 2806 842 2879 eodem
866 2808 902 2879 b.
923 2806 1025 2878 Petn'
1045 2797 1367 2902 Itlerettr‘Rheneni
1393 2825 1432 2882 et
1454 2805 1580 2880 Caroli
1597 2806 1742 2904 Capellr'
1756 2805 2007 2904 Epigramata.

405 2919 554 2992 -dein
575 2920 759 3017 Epistolae
773 2920 940 3018 Philippi
950 2921 1130 3004 Beroaldr'¹
1144 2939 1181 2994 et
1198 2925 1275 2996 Nic.
1301 2926 1434 2996 rerem·
1449 2965 1490 2982 -
1513 2922 1662 2996 Tabula
1681 2963 1725 2980 -
1743 2922 1858 2995 fot-1.
1876 2920 2009 3019 incipit
2076 2912 2081 2922 ’

407 3033 501 3106 Auli
516 3035 632 3115 Gellii
645 3035 819 3107 noctium
838 3034 1022 3108 aticarum
1043 3025 1247 3110 comment.
1267 3039 1363 3110 liber
1381 3039 1538 3136 primus.
1559 3080 1608 3096 —
1629 3038 1721 3112 linit.
1740 3037 1816 3114 foll.
1845 3040 1921 3126 145.
1943 3036 2005 3109 lin.

404 3151 463 3224 36.
485 3147 703 3248 imprellum
717 3152 884 3224 Venetus
901 3177 972 3250 per
986 3151 1161 3224 Ioannem
1180 3151 1225 3224 de
1250 3153 1396 3224 Tudriro
1411 3153 1500 3226 alias
1527 3154 1721 3226 Tacurirum
1740 3156 1853 3226 Anno
1872 3152 2006 3226 Domi·
2065 3153 2072 3168 “

358 3349 362 3360 ,
405 3267 445 3341 01
466 3267 575 3340 MD.
587 3266 654 3340 IX.
672 3267 732 3342 die
751 3268 843 3345 XX.
862 3267 1016 3368 Aprilis.
1046 3268 1258 3365 Registrum
1286 3283 1323 3343 et
1341 3268 1480 3366 infigne
1504 3284 1656 3368 typogr.
1675 3267 1716 3340 Z.
1733 3268 1778 3339 T.
1796 3267 1873 3340 duo
1890 3253 2004 3340 hexa-

404 3402 537 3460 metra.
566 3384 676 3460 Char.
697 3411 793 3460 rom.
814 3386 883 3462 litt.
904 3385 1065 3460 initiales
1085 3385 1227 3461 incisae.
1250 3384 1396 3464 Glollae
1414 3411 1530 3484 marg.
1550 3384 1627 3460 foll.
1654 3382 1874 3482 0351150-
1890 3400 1933 3470 ,οῑ
1948 3385 2002 3457 16.

404 3503 478 3577 fine
495 3529 658 3578 numero
678 3503 817 3596 11040.
844 3505 867 3580 1.

591 3641 721 3699 Panaeti
737 3643 842 3700 Annal.
861 3645 993 3719 Typogr.
1012 3645 1047 3700 Τ.
1055 3637 1085 3699 8.
1101 3663 1130 3720 p.
1140 3644 1202 3718 397.
1221 3644 1333 3732 llam.
1354 3643 1455 3699 Malle.
1476 3641 1510 3697 T.
1521 3655 1547 3696 2.
1566 3660 1594 3716 p.
1604 3657 1667 3696 202.
1720 3651 1724 3663 “

499 3809 634 3882 033.·’-
661 3810 879 3912 Que‘ntuplex
902 3807 1138 3906 Psaltenirm:
1167 3811 1374 3897 Gallicum,
1393 3813 1629 3896 Romanum,
1659 3805 1910 3892 Hebraicum‚
1932 3832 1996 3880 ve-

399 3941 480 4010 tus,
499 3925 751 4001 conciliatum.
766 3971 812 3988 -
826 3927 930 4001 Haec
951 3911 997 4000 in¹
1011 3926 1136 4001 fronte
1154 3928 1272 4002 limbo
1292 3927 1438 4002 inclula.
1464 3928 1526 4000 fot.
1541 3927 1645 4027 'scqs
1674 3926 1719 4000 ad
1737 3922 1997 3998 reverendilli-

397 4066 506 4116 mum
524 4041 563 4114 in
581 4042 726 4116 Christo
744 4059 894 4142 patrem
910 4059 948 4116 et
961 4043 1009 4115 D.
1017 4043 1064 4116 D.
1081 4044 1310 4117 Guz'lrelmum
1321 4045 1548 4118 Briconerum
1562 4061 1629 4118 etc.
1640 4084 1688 4099 -
1700 4043 1739 4116 in
1750 4029 1995 4142 'quintuplanr

394 4157 663 4233 Plalteriorum
680 4159 888 4234 editionem
904 4158 1032 4232 Iacobr'
1044 4160 1157 4231 Fabn'
1171 4159 1390 4259 Stapulensr's
1404 4161 1604 4261 praefacio.
1632 4159 1787 4258 Prologi
1805 4165 1838 4247 4.
1858 4159 1993 4231 101110·

352 4313 355 4330 ·
393 4277 588 4372 ronymi-
609 4274 733 4348 index.
753 4276 816 4349 101.
836 4277 868 4348 5.
884 4273 1107 4350 Plalteriurn
1124 4319 1163 4332 -
1186 4276 1250 4350 fol.
1271 4303 1353 4376 292.
1371 4279 1487 4375 (290.)
1503 4277 1537 4349 b.
1551 4276 1612 4350 lin.
1629 4277 1686 4374 39.
1699 4277 1908 4350 ahsolutum
1919 4273 1993 4348 luit

393 4391 469 4466 hoc
484 4389 731 4492 quintuplicis
755 4390 922 4466 Psalterii
950 4419 1047 4492 opus
1067 4393 1107 4464 in
1125 4393 1320 4468 Caenobio
1343 4398 1376 4466 S.
1396 4395 1572 4467 Gennani
1591 4421 1713 4494 prope
1738 4419 1868 4468 muros
1890 4391 1990 4491 pari-

392 4507 533 4584 lienles.
559 4508 673 4580 Anno
692 4533 713 4578 0
730 4507 843 4580 natali
860 4508 1006 4583 Christo
1018 4508 1162 4582 domini
1186 4513 1286 4584 1508.
1310 4528 1348 4585 et
1365 4512 1404 4584 in
1419 4495 1616 4586 clarillimo
1628 4510 1850 4612 perillorum
1867 4511 1988 4608 Gym-

390 4625 491 4702 nalio
511 4651 558 4698 ex
581 4621 851 4720 Chalco-Typa
870 4624 1025 4698 Henn'ci
1036 4626 1216 4724 Stephani
1230 4626 1384 4700 officina
1401 4655 1421 4700 e
1437 4627 1592 4725 regione
1616 4627 1842 4702 Scholarum
1859 4625 1987 4698 decre·

389 4759 521 4820 torum
543 4737 713 4814 emillum
732 4762 831 4810 anno
853 4737 1024 4813 eiusdem
1054 4741 1189 4813 ebrie·
1208 4741 1414 4814 salvatoris
1442 4744 1614 4818 omnium
1647 4741 1891 4840 1509.·pridie
1917 4741 1987 4812 Ca-

388 4859 517 4935 lendas
534 4854 699 4956 Augusti.
722 4853 776 4927 illi
794 4853 910 4953 igitur
930 4855 1001 4956 qui
1019 4855 1209 4934 absolvere
1221 4873 1290 4958 ‚let
1311 4856 1521 4936 absolutum
1539 4861 1579 4936 in
1598 4859 1794 4961 publicum
1813 4855 1986 4933 emittere
