4636 5878
711 715 953 780 etaltocus
979 711 1357 775 amttoonlemcus
1382 712 1550 776 mnxcu.
1857 732 1927 802 227

333 901 501 987 domini,
519 897 566 975 D.
588 895 833 1000 Cbnstophon'
852 895 963 984 mut,
990 893 1228 971 celeberrimi
1248 885 1463 972 monasterii
1490 897 1527 968 8.
1551 883 1760 971 Dorotheae
1779 898 1940 972 Viennae

333 1020 501 1118 Austn'ae
516 1017 724 1117 Praepoliti
738 1013 1026 1115 vigilantillimi,
1045 1039 1116 1090 nec
1139 1040 1220 1088 non
1236 1040 1308 1114 pro
1328 1029 1504 1113 tempore
1529 1011 1697 1112 ejusdem
1716 1017 1937 1114 provinciae
1960 1093 1965 1100 ,

331 1137 430 1214 infra
449 1135 605 1234 Onasum
629 1133 840 1211 rationibus
861 1132 1032 1235 deputati
1050 1129 1303 1208 Commillarii
1320 1128 1520 1230 dignillimi
1538 1147 1608 1206 etc.
1625 1131 1785 1207 Domini
1805 1161 1848 1208 ac
1867 1134 1939 1210 Pa·

332 1254 436 1328 troni
459 1253 683 1342 fullamma
707 1281 750 1327 ac
772 1251 899 1331 debita
925 1247 1583 1336 animiobservmna'colendiffimi,
1611 1265 1680 1326 etc.
1706 1248 1745 1324 in
1761 1249 1839 1336 lui,
1856 1251 1938 1325 luo·
2021 1345 2026 1356 ³

328 1397 454 1472 rumq.
465 1370 671 1446 studiorum
688 1368 1071 1454 commendationem,
1088 1382 1158 1442 cto.
1174 1365 1313 1466 lctip'ta
1326 1367 1443 1442 offert
1461 1381 1501 1440 et
1514 1365 1673 1441 dedicat.
1691 1367 1819 1442 Petrus
1827 1367 1938 1468 Hass-

327 1513 504 1575 menam,
523 1487 642 1564 scolae
661 1488 784 1566 civilis
802 1487 922 1562 Vien:
943 1484 1123 1560 Austriae.
1146 1483 1247 1583 apud
1258 1484 1296 1558 S.
1308 1481 1462 1582 stepha.
1474 1485 1580 1562 Rect.
1598 1485 1761 1558 meana.»
1771 1488 1939 1585 Austriae

326 1604 520 1680 Exurebat
535 1604 774 1679 hechardus
789 1599 1041 1700 Naffingems.
1055 1600 1129 1674 An.
1140 1600 1367 1682 nlnxcu.
1378 1600 1412 1674 8.
1425 1599 1582 1674 Kalend.
1593 1601 1761 1701 Augusti.
1777 1602 1939 1704 lequun-

168 1721 172 1728 ’
326 1737 391 1798 tur
405 1723 573 1798 carmina
584 1722 725 1796 -dein
740 1720 803 1795 fot.
824 1745 876 1794 ιο.
896 1718 1046 1818 dialogo
1055 1718 1305 1818 gratulatorio
1325 1717 1372 1793 ad
1389 1716 1465 1792 lec.
1482 1716 1669 1816 Emassum
1677 1720 1936 1797 Archiducem

326 1837 493 1938 Aagdnbe
500 1838 698 1941 sepulchra
712 1837 907 1912 salvatoris
923 1835 1048 1912 christi
1064 1834 1272 1936 septimana
1281 1835 1407 1910 lancta
1417 1836 1600 1934 An.1590.
1615 1863 1667 1910 12.
1678 1837 1836 1913 Kalend.
1845 1841 1938 1940 May

325 1955 536 2032 villtantem
553 1956 594 2030 in
612 1957 686 2031 line
713 1955 845 2030 desunt
864 1953 1011 2056 aliquot
1033 1952 1134 2028 lolia.
1165 1953 1276 2028 Char.
1298 1952 1428 2052 grand.
1449 1953 1527 2027 loll.
1543 1954 1628 2054 fign.
1653 1982 1706 2030 11.
1725 1955 1787 2031 lin.
1808 1965 1911 2049 244.

515 2097 597 2152 llaec
610 2096 739 2150 carmina
764 2091 931 2149 omnimode
956 2090 1095 2146 differunt
1114 2109 1131 2145 ι
1149 2090 1350 2164 sequentibus:
1377 2092 1656 2167 quaeHoffmanue
1685 2093 1784 2151 eodem
1808 2100 1834 2152 A
1876 2115 1893 2154 o
1927 2115 1938 2153 t

609 2184 667 2242 lere
678 2185 730 2241 lnb
748 2185 848 2241 eodem
871 2183 960 2240 titulo
979 2180 1124 2240 exhibuit.
1143 2180 1259 2238 Confer.
1281 2183 1368 2238 Nota.
1388 2183 1425 2240 N.
1441 2184 1505 2239 525.

419 2353 502 2453 698.
530 2394 575 2413 -
600 2353 765 2453 Farrago
779 2341 970 2452 sacrarum
996 2345 1352 2453 alz'quot'carminum
1372 2352 1556 2427 hactenus
1572 2379 1651 2429 non
1669 2355 1936 2456 imprellorum

326 2498 414 2546 cum
430 2469 586 2556 annexis
611 2469 711 2547 circa
730 2471 847 2546 finem
864 2465 1058 2545 nonnullis
1080 2467 1429 2569 epigrammatibus.
1457 2467 1567 2568 Quae
1591 2471 1787 2548 laetillimo
1820 2479 1936 2553 natali

323 2573 524 2664 feverendi
549 2587 774 2674 admodum,
799 2585 963 2674 nobilia,
991 2585 1306 2690 amplillimiquae
1331 2584 1405 2660 viri
1430 2613 1473 2664 ac
1493 2587 1674 2678 Domini,
1696 2589 1745 2665 D.
1773 2593 1936 2670 Lauren·

319 2706 369 2776 tii
384 2703 493 2791 lleis,
512 2703 773 2805 antiquillimi,
798 2703 907 2802 juxta
926 2731 969 2777 ac
987 2695 1230 2779 celebenrimi
1256 2703 1470 2780 monasterii
1498 2707 1643 2808 Campii
1662 2709 1841 2784 Liliorum
1860 2713 1935 2787 Au-

309 2819 429 2918 fln'ae
453 2819 655 2896 inferioris.
676 2811 836 2894 Abbatis
852 2818 1073 2918 dignillimi,
1090 2848 1257 2896 necnon
1276 2820 1446 2920 ejusdem
1457 2819 1621 2923 inclytae
1638 2825 1860 2926 provinciae
1874 2857 1935 2906 ra·
2059 2885 2075 2902 .

321 2936 489 3013 tionibus
509 2935 678 3039 deputati
697 2935 957 3026 commillarii,
975 2954 1045 3013 etc.
1063 2934 1104 3011 in
1125 2934 1202 3028 sui,
1227 2937 1484 3040 suorumque;
1513 2939 1722 3016 studiorum
1741 2969 1936 3024 commen-

322 3054 536 3142 dationem,
565 3081 631 3145 ex,
652 3083 749 3158 quae
770 3082 841 3156 par
872 3055 939 3142 est,
959 3053 1199 3132 observantia
1224 3071 1433 3158 nuncupat.
1463 3058 1516 3132 M.
1541 3057 1669 3133 Penus
1688 3061 1936 3159 Hoffmannus

320 3163 468 3248 scholae
484 3173 605 3248 civilia
624 3171 726 3274 apud
743 3171 777 3247 S.
798 3171 1017 3274 Stephanum
1031 3189 1181 3262 rector,
1213 3173 1315 3250 acin
1334 3173 1542 3251 Academia
1562 3175 1674 3252 Vien.
1715 3176 1931 3262 substitutus

318 3288 504 3392 profell'or
520 3290 693 3366 Pobleoe.
711 3289 826 3366 Anno
843 3285 1113 3379 M.D.xc11.l.
1126 3288 1214 3366 ldue
1231 3291 1387 3390 Augusti
1395 3281 1556 3368 -Haec
1574 3291 1613 3367 ln
1629 3294 1756 3370 fronte
1766 3295 1829 3374 fot.
1842 3327 1934 3376 ι.-

320 3407 456 3482 eodem
473 3406 509 3480 b.
525 3405 693 3507 sequitur
730 3403 918 3482 dedicatio
944 3405 1089 3481 autoris
1105 3447 1156 3464 -
1175 3407 1243 3481 ta.
1271 3405 1357 3483 Ode
1383 3405 1593 3507 Phaleugia
1625 3409 1671 3486 ad
1699 3413 1934 3490 laurentium

319 3523 426 3620 Rezss
441 3522 616 3597 abbatem
640 3521 856 3598 monasterii
886 3522 1143 3622 Campiliomm
1158 3563 1209 3580 -
1230 3521 1319 3596 dein
1343 3539 1522 3626 poemata
1546 3523 1648 3600 sacra
1663 3569 1711 3586 -
1728 3528 1814 3604 finit
1831 3532 1852 3607 l.
1872 3535 1930 3610 31.

319 3665 350 3715 a.
367 3637 412 3713 L.
432 3639 466 3714 8.
496 3639 656 3714 annae
677 3635 846 3734 Austn‘ae
869 3637 1115 3738 imprimebat
1133 3641 1348 3714 Leonmdus
1370 3636 1620 3742 Naffingems.
1639 3642 1750 3721 Char.
1774 3652 1930 3747 grandia

323 3773 363 3834 et
379 3758 539 3860 elegans.
558 3758 623 3832 fol.
639 3779 719 3831 non
735 3771 946 3832 numerata.
968 3757 1026 3831 31.
1045 3757 1090 3830 L.
1107 3763 1165 3848 24.
1176 3764 1209 3848 4.

508 3897 605 3953 liniue
636 3895 718 3956 Petra·
741 3894 925 3970 Hoffmanm‘
952 3895 1098 3953 Gruberus
1123 3900 1154 3952 ιἰι
1175 3895 1292 3974 specim.
1323 3885 1401 3954 Bibl.
1427 3871 1518 3972 genn.
1542 3895 1708 3958 Austriacae
1732 3901 1752 3958 l.
1768 3923 1792 3963 ι.
1823 3927 1852 3984 p.
1863 3909 1927 3984 293.

604 3987 783 4044 ιιιιιιιιοιιιι
797 3985 877 4046 tacit.

907 4101 1023 4196 Sine
1043 4097 1175 4198 Nota
1201 4103 1341 4202 anni·
1426 4127 1467 4154 ··

323 4261 326 4268 ’
415 4251 498 4358 699
510 4299 556 4315 -
559 4253 773 4394 Pomponia
783 4257 898 4333 Lam
916 4259 1066 4336 libellue
1092 4259 1138 4338 de
1158 4285 1411 4337 romanorum
1435 4259 1729 4362 magiestratibue
1757 4267 1927 4346 eiusdem

326 4372 372 4452 de
385 4351 723 4456 sacerdotnellom
732 4378 840 4453 -de
864 4377 1018 4454 diverlle
1042 4378 1188 4480 legibue
1210 4395 1280 4456 etc.
1290 4377 1485 4456 —llaec
1475 4406 1514 4453 m
1529 4379 1722 4459 fronte
1739 4385 1852 4461 fola
1879 4387 1927 4466 de

315 4519 406 4596 rege
422 4495 520 4570 -ad
540 4495 657 4570 finem
673 4495 737 4573 fol.
752 4493 816 4570 lin
826 4495 886 4571 32.
904 4495 1100 4600 Bompom'i
1112 4497 1225 4572 Laen
1237 4497 1283 4573 de
1302 4523 1555 4574 romanorum
1570 4499 1854 4601 magistratibue,
1873 4501 1927 4588 la.

269 4595 273 4608 ¹
317 4613 496 4689 cerdotiie
514 4629 553 4690 et
569 4613 714 4714 legibus
730 4615 778 4690 ad
791 4611 1070 4716 Pantagathum
1092 4615 1188 4694 linio.
1207 4617 1319 4693 Char.
1331 4641 1428 4692 rom.
1446 4616 1548 4717 eleg.
1557 4643 1645 4694 cum
1659 4617 1782 4722 glollie
1802 4647 1920 4720 marg.
1938 4662 1945 4668 Α·

318 4727 394 4808 loll.
419 4729 473 4809 16.
488 4729 670 4832 nonllgn.
689 4729 753 4808 lin.
769 4731 873 4823 32.4

457 4868 641 4930 leellue
656 4869 715 4950 ‘bic
738 4832 871 4932 ntdlibir
834 4871 1297 4954 uneemmpamtptendon
1265 4869 1466 4933 coemebant
1451 4873 1556 5040 eietfl⁸
1557 4889 1665 5039 ttfern
1666 4893 1804 4952 xmp
1805 4889 1918 4933 ιιι

1612 4991 1634 5040 2
