4706 5868
388 685 456 760 116
514 670 520 678 ’
792 703 1031 766 caranooos
1058 699 1433 763 amaroontrmcos
1460 699 1599 759 nrxx.

341 971 344 976 ¹
372 879 563 954 Maxentii
574 879 744 962 leellus
764 883 851 957 fidei
869 925 919 941 --
937 883 1000 955 101.
1021 883 1079 956 36.
1096 909 1176 956 non
1192 881 1277 980 lign.
1297 876 1436 956 111123.
1461 878 1669 979 expliciunt
1693 901 1811 992 opera
1842 877 1883 949 B.
1904 876 1987 949 Ful-

228 1071 230 1078 ,
371 999 545 1093 ganniat
562 997 810 1071 Maxentr'i-
827 999 1001 1100 imprella
1029 999 1068 1072 in
1091 1001 1275 1098 Hagcnau
1305 997 1479 1099 impenfis
1504 995 1818 1094 Kobergerorum
1846 994 1987 1068 Norim—

378 1113 599 1211 bergcnfiitm
618 1115 657 1188 in
673 1115 1190 1214 officinaThomaeAnselmi
1202 1118 1317 1190 Anno
1328 1117 1418 1190 XX.
1435 1109 1738 1214 infigne'typogr.
1756 1107 1802 1184 A.
1813 1111 1855 1183 B.
1873 1111 1985 1184 Char.

378 1230 439 1306 lat.
457 1230 592 1329 glollae
613 1258 730 1332 marg.
750 1233 827 1307 foll.
849 1233 934 1332 fign.
960 1261 1036 1331 127.
1069 1234 1108 1305 in
1127 1250 1210 1307 toto
1234 1235 1310 1307 128.
1331 1233 1394 1308 lin.
1413 1232 1509 1322 tas.

572 1372 701 1427 Panaeti
719 1371 825 1427 Annal.
846 1372 979 1476 ssypoff.
1000 1373 1035 1428 T.
1046 1393 1073 1446 7.
1094 1392 1122 1446 p.
1141 1389 1186 1448 9ο.
1208 1373 1246 1426 Ν.
1265 1367 1327 1427 181.
1347 1373 1449 1428 Mater.
1468 1369 1532 1461 Ind.
1550 1373 1573 1425 Ι.
1593 1389 1622 1444 p.
1638 1370 1702 1440 413.

383 1519 386 1524 ’
469 1537 557 1634 357.
577 1519 627 1594 -’-
646 1538 851 1634 Anstoara
870 1541 1075 1640 regyra..
1104 1539 1322 1640 rampo·
1339 1541 1385 1614 ae
1408 1540 1533 1614 anima
1556 1537 1642 1610 nan
1661 1537 1693 1608 a.
1734 1562 1804 1634 per
1830 1535 1989 1636 ΛΨ...
2101 1615 2103 1618 ,

375 1653 493 1751 pilum
512 1697 561 1710 —
580 1655 641 1728 De
657 1653 762 1728 sensu
780 1673 819 1750 et
831 1654 973 1729 sensato
991 1655 1052 1744 lib.
1079 1683 1106 1758 1.
1128 1697 1179 1728 ¹¹¹-
1200 1657 1246 1730 de
1263 1657 1449 1730 memoria
1466 1671 1505 1727 et
1523 1653 1798 1728 reminiscentia
1814 1651 1876 1724 lib.
1897 1680 1923 1724 1.
1942 1691 1993 1710 -

382 1769 428 1844 de
447 1771 593 1843 Somno
616 1787 654 1844 et
671 1771 812 1870 Vigilia
829 1773 892 1846 lib.
915 1801 941 1844 1.
962 1772 1022 1845 De
1042 1771 1280 1870 longitudine
1303 1789 1341 1846 et
1366 1771 1552 1846 brevitate
1573 1771 1682 1844 vitae.
1701 1813 1746 1826 -
1765 1772 1822 1842 Ex
1841 1769 1996 1870 antiqua

381 1885 630 1962 traductione.
654 1930 704 1945 —
726 1888 893 1987 Adjectis
911 1887 1023 1961 Ecln'i
1039 1889 1344 1979 Commentariis.
1362 1932 1412 1948 -
1435 1888 1584 1986 insigne.
1605 1887 1720 1991 Epilc.
1746 1885 1925 1960 Brixienl.
1942 1927 1992 1944 -

384 2004 483 2078 infra
499 2005 823 2080 Reverendillimo
850 2007 898 2080 D.
921 2006 972 2079 D.
1007 2006 1257 2108 Chrestophoro
1290 2005 1477 2107 Episcopo
1496 2005 1679 2078 Brixienfi
1694 2005 1742 2078 D.
1755 2004 1802 2077 D.
1826 2049 1872 2064 -
1887 2005 2015 2110 Haec.

382 2119 426 2194 in
445 2120 570 2196 fronte
590 2163 635 2181 -
655 2124 716 2196 fot
738 2124 796 2196 80.
814 2150 892 2197 non
911 2131 1024 2197 num.
1045 2123 1172 2223 infign.
1193 2125 1317 2224 gentil.
1345 2141 1382 2198 et
1394 2125 1480 2199 icon
1502 2123 1535 2194 S.
1561 2123 1782 2194 Cathare‘nae
1801 2123 1931 2195 excusa
1951 2122 1990 2196 in

383 2238 539 2314 officina
556 2238 784 2339 Stssr'smundi
794 2243 930 2314 Grimm
947 2241 1087 2314 Medici
1118 2261 1155 2316 et
1171 2241 1293 2316 Marci
1316 2243 1482 2346 Wrsung
1499 2239 1684 2337 Augustae
1715 2239 1985 2313 Vrirddicorum.

382 2357 546 2432 Decimo
565 2355 668 2433 serito
687 2355 769 2433 Kal.
796 2359 951 2458 Aprilis.
979 2361 1093 2433 Anno
1123 2360 1402 2435 restaurationis
1424 2359 1611 2433 humanae
1638 2358 1689 2431 M.
1699 2357 1746 2430 D.
1758 2355 1848 2430 XX.
1881 2357 1994 2454 Char.

383 2474 444 2551 lat.
466 2473 600 2576 glollae
631 2477 751 2576 Marg.
770 2476 848 2552 foll.
869 2504 924 2576 79.
951 2478 1014 2551 lin.
1035 2479 1138 2568 44.f.
1577 2507 1580 2512 ·
1822 2479 1825 2486 ’

578 2615 708 2672 eman·
723 2616 829 2672 Annal.
851 2617 984 2700 Typogf·
1001 2619 1037 2674 T.
1053 2616 1081 2674 6.
1097 2637 1127 2695 p.
1141 2613 1201 2674 158.
1221 2619 1259 2674 N.
1274 2613 1332 2675 280.
1354 2617 1442 2691 Zups
1453 2618 1483 2672 N
1486 2657 1492 2672 .
1507 2632 1533 2672 2.
1550 2636 1580 2692 p.
1594 2617 1656 2692 139.
1677 2615 1715 2671 N.
1726 2611 1769 2670 26.

485 2783 567 2856 358.
587 2821 645 2852 -ι
661 2787 737 2856 Titi
750 2786 852 2858 Livii
863 2785 1038 2861 Patavini
1054 2788 1162 2867 decas
1182 2807 1325 2890 quarta.
1347 2827 1393 2843 -
1413 2789 1518 2862 Haec
1546 2786 1585 2860 in
1605 2787 1731 2860 fronte
1761 2809 1848 2857 cum
1872 2780 1999 2880 infigo.

385 2915 539 2997 typogr.
562 2896 660 2972 Aldi.
680 2939 726 2957 -·
745 2903 939 2999 praecedit
957 2904 1080 2978 index.
1100 2906 1187 2980 dein
1209 2908 1372 3005 Epistola
1385 2907 1510 2979 Franc.
1532 2903 1694 3001 Asulam'
1708 2902 1754 2976 ad
1769 2902 1871 2976 Ioan.
1883 2901 1989 2998 Bapt.

253 3059 271 3078 -
365 3037 374 3046 ·
404 3016 674 3087 Tum'anum-
691 3015 785 3090 item
814 3018 1000 3091 Tatizztsii
1010 3020 1249 3092 historiarum
1267 3020 1415 3094 decadis
1442 3037 1598 3120 quartae
1618 3019 1704 3092 libri
1725 3018 1841 3118 primi
1862 3017 1995 3118 Epito-

390 3157 455 3204 me
474 3173 519 3190 -
542 3131 605 3204 fot
631 3133 688 3205 56.
716 3157 794 3206 non
815 3132 901 3230 fign.
923 3137 969 3190 -'
990 3135 1052 3207 fol.
1085 3161 1112 3206 1.
1138 3135 1272 3234 incipit
1292 3135 1441 3208 decadis
1471 3153 1628 3238 quartae
1652 3136 1748 3208 liber
1769 3135 1928 3232 primus.

391 3249 454 3324 fol.
474 3251 557 3348 296.
583 3247 644 3323 lin.
664 3250 720 3322 23.
747 3250 904 3324 Wrnetzi's
923 3251 962 3324 in
980 3250 1136 3326 aedibus
1155 3250 1250 3324 Aldi
1273 3267 1311 3326 et
1334 3252 1505 3323 Andreae
1532 3251 1651 3324 loceri
1683 3249 1812 3322 Mense
1834 3253 2001 3324 Novem-

393 3367 452 3441 bri
480 3368 532 3442 M.
542 3367 590 3442 D.
601 3367 690 3440 XX.
717 3367 831 3442 Char.
849 3368 909 3442 lat.
931 3369 1111 3467 1011296.
1135 3370 1220 3468 fign.
1239 3369 1279 3442 in
1297 3384 1381 3442 toto
1409 3367 1490 3440 352.
1512 3367 1575 3440 lin.
1591 3366 1649 3439 30.
1672 3366 1706 3438 8.
1788 3399 1795 3413 ·

587 3507 715 3564 Panaeti
732 3505 837 3563 Annal.
856 3505 989 3581 Typegr.
1008 3509 1043 3562 T.
1053 3503 1080 3562 8.
1098 3528 1126 3582 p.
1136 3505 1198 3581 460.
1217 3505 1347 3562 N.1016.
1365 3505 1528 3560 Secundum
1546 3507 1748 3560 Moittoirt'um
1766 3499 1828 3556 lntl.
1851 3503 1889 3555 11.
1908 3519 1935 3576 p.
1956 3514 1992 3554 22

679 3596 736 3652 hoo
752 3599 890 3653 volumen
906 3599 1029 3667 sortium
1045 3598 1090 3654 est.
1112 3601 1190 3654 serie
1209 3597 1275 3652 dell'
1293 3598 1421 3655 edizioni
1436 3595 1542 3653 Aldine
1559 3615 1587 3673 p.
1603 3598 1649 3659 51.
1668 3597 1706 3654 N.
1724 3612 1749 3652 2.
1769 3593 1844 3650 male
1860 3591 2005 3669 indicem·

687 3703 733 3744 tur
749 3685 813 3744 loll.
833 3689 894 3765 196.
908 3691 1017 3765 signata
1034 3722 1070 3734 -
1085 3691 1150 3764 [unt
1165 3693 1241 3746 enlm
1252 3689 1316 3766 296.
1837 3693 1840 3698 ’

492 3857 575 3955 359.
600 3899 650 3916 -
685 3857 914 3931 collectanea
950 3861 1163 3958 adagionem
1188 3876 1363 3934 veterum
1385 3858 1570 3934 Defiderii
1599 3858 1748 3956 Erasmi
1768 3854 2004 3928 Roterodomi

397 3973 612 4073 germaniae
625 3973 772 4050 decoris
791 3990 859 4048 etc.
877 4017 921 4052 ,-
944 3975 1070 4050 addita
1089 3981 1136 4051 est
1157 3978 1284 4052 tabula
1307 3977 1346 4050 in
1368 3975 1480 4076 ipssus
1498 3975 1624 4078 operis
1644 3977 1746 4048 calce
1768 4002 1789 4048 a
1807 3973 1996 4046 Schurerrb

400 4091 552 4163 condita
572 4107 640 4164 etc.
661 4133 712 4150 -
728 4090 889 4165 Haecin
907 4091 1033 4166 fronte
1051 4093 1169 4167 limbo
1188 4095 1459 4186 inclusa-efol.
1479 4097 1535 4183 64.
1556 4119 1636 4168 non
1659 4092 1745 4192 fign.
1769 4091 1831 4164 lin.
1858 4091 1911 4162 13.
1931 4115 1995 4184 22-

404 4207 487 4280 cusa
502 4206 677 4282 stanneis
704 4208 876 4283 Calamis.
899 4209 1004 4283 Haec
1021 4226 1194 4284 veterum
1213 4211 1451 4310 Adagiorum
1476 4211 1661 4307 Destilerii·
1685 4209 1831 4305 Erasmi
1864 4206 2001 4279 collec-

405 4313 534 4408 tanea,
572 4325 713 4422 graecis
748 4325 930 4419 adornata
963 4327 1260 4415 characteribus,
1298 4356 1342 4426 ea
1372 4327 1528 4427 quidem
1555 4353 1691 4426 opera,
1725 4353 1801 4426 qua
1825 4321 2005 4400 Matthrizs

403 4437 613 4514 Schurertits
636 4441 843 4517 Selestenfis
872 4445 979 4544 (piae
1005 4446 1303 4542 recordationis)
1328 4444 1564 4544 excripserat.
1601 4443 1839 4542 Argentorati
1853 4441 1892 4513 in
1920 4439 2000 4513 eius

405 4555 576 4631 Aedibus
595 4558 722 4632 Mense
745 4559 984 4659 Septembri,
1007 4562 1181 4664 Virginei
1201 4580 1332 4663 partus
1356 4565 1472 4636 Anno
1490 4559 1684 4636 millefimo
1703 4555 2002 4668 quingentefimo

406 4675 584 4775 vigefimo
607 4677 644 4753 in
660 4675 784 4749 lucem
807 4679 937 4754 aedita.
958 4681 1068 4758 Char.
1090 4683 1150 4768 lat,
1170 4681 1244 4754 1011.
1260 4680 1346 4778 fign.
1367 4683 1424 4778 57.
1446 4680 1583 4755 intoto
1604 4681 1662 4768 64.
1683 4677 1746 4752 lin.
1766 4682 1824 4768 4ο.
1842 4681 1875 4763 4.

600 4817 727 4871 Panum·
741 4814 848 4906 Annal.
861 4818 1001 4894 v'rypog-r.
1024 4823 1058 4876 T.
1068 4821 1094 4879 6.
1116 4841 1145 4895 p.
1156 4831 1201 4898 94.
1220 4819 1257 4876 N.
1272 4817 1337 4891 576.
