4706 5868
378 555 426 628 88
783 575 1022 633 caracocus
1049 572 1424 632 munocaarnrcus
1450 572 1587 629 unxv.

478 751 561 847 257.
576 793 627 811 -
644 751 820 849 Anstello
841 795 883 812 -·
905 753 969 827 ita
986 753 1070 827 lunt
1096 778 1215 852 opera
1234 780 1333 853 quae
1359 751 1401 829 in
1425 753 1501 825 boc
1519 751 1715 850 praeclaro
1739 750 1840 830 libro
1869 753 1991 825 conti-

381 885 532 944 nentur.
551 868 615 944 fol.
632 897 666 942 2.
683 869 779 943 libor
791 873 960 956 loanitii,
978 870 1045 971 qui
1064 870 1202 944 dicitur
1214 869 1375 970 isagoge.
1390 869 1431 942 in
1449 895 1597 968 graeco.
1617 911 1663 926 -—
1683 868 1748 942 fol.
1764 896 1797 967 9.
1820 869 1883 944 lib.
1897 869 1988 942 Phi·

285 995 292 1024 ·
381 989 550 1060 Ioreti-
566 986 630 1060 sol.
652 1014 704 1059 11.
727 987 789 1062 lib.
806 988 1006 1062 urinarum
1023 988 1213 1088 theophili.
1231 1033 1277 1044 --
1296 989 1359 1061 fol.
1385 989 1439 1061 16.
1456 989 1673 1088 Hypocratis
1686 987 1773 1060 libri
1788 987 1922 1061 diverfi
1940 987 1987 1060 de

381 1104 464 1202 lege
481 1148 531 1164 -
546 1104 608 1178 fol.
630 1132 682 1202 ¹7·
700 1105 871 1180 eiusdem
889 1108 1137 1178 tiestierondum
1153 1147 1200 1166 -
1222 1133 1274 1204 19.
1300 1105 1397 1178 liber
1416 1105 1746 1205 prognosticorum
1766 1105 1849 1177 f-
1866 1104 1989 1204 Apio·

380 1221 563 1318 nsmorum
576 1247 622 1296 ex
640 1221 791 1296 diversis
811 1223 1124 1297 translationibus
1135 1267 1178 1281 -
1189 1226 1380 1321 regiminis
1393 1239 1605 1296 auctorum.
1622 1265 1660 1280 -
1673 1224 1988 1322 Epzilimtomm-

380 1337 426 1412 de
436 1335 555 1435 sonu.
575 1382 625 1396 -
642 1341 857 1411 decretorum
877 1372 926 1390 -
951 1339 1014 1413 sol.
1032 1342 1090 1434 87.
1118 1339 1152 1412 b.
1175 1339 1253 1414 loh.
1281 1338 1791 1438 DamofieniAphonsmi—
1818 1340 1881 1412 sol.
1907 1365 1985 1438 ¹09·

379 1458 486 1553 tegni
497 1457 635 1554 galeni
648 1455 721 1528 five
736 1481 795 1528 ars
815 1483 942 1555 parva.
962 1499 1013 1512 -
1032 1455 1096 1529 lol.
1122 1459 1199 1529 150.
1215 1457 1250 1530 b.
1270 1483 1386 1529 conon
1404 1457 1613 1529 Aoi'cennae
1628 1498 1678 1514 -
1694 1455 1757 1529 fol.
1772 1455 1854 1530 305.
1874 1455 1986 1556 ipfius

387 1575 538 1645 Cantica
552 1616 602 1629 -
625 1571 688 1646 lol.
708 1573 790 1646 323.
811 1572 845 1645 b.
870 1588 1050 1647 tractatus
1069 1599 1194 1648 nonus
1220 1571 1458 1671 Almonsoris.
1478 1615 1529 1630 -
1547 1571 1612 1644 folj
1633 1573 1715 1671 349.
1740 1572 1775 1647 b.
1800 1570 1987 1646 summula

310 1669 316 1686 ’
383 1690 512 1762 iacobi
529 1690 576 1764 de
594 1689 775 1790 partibus.
794 1689 857 1763 fol.
877 1691 960 1764 363.
980 1689 1177 1791 Descriptio
1193 1691 1239 1765 de
1258 1691 1493 1793 ponderibus
1509 1705 1548 1764 et
1567 1669 1751 1764 meniuris
1764 1733 1814 1748 ·-
1827 1687 1986 1762 soteod.
2008 1691 2013 1701 “

381 1803 422 1880 Ι).
438 1806 500 1880 lin.
520 1809 552 1882 5.
574 1807 670 1881 linis.
689 1807 907 1908 imprellum
926 1809 1100 1906 Lugduni
1115 1837 1184 1909 per
1202 1810 1376 1882 loannem
1394 1806 1441 1882 de
1459 1809 1499 1880 lo
1511 1807 1621 1906 ploce
1639 1805 1813 1906 impenfis
1830 1805 1986 1879 Bartho-

379 1927 520 2006 lomoei
539 1925 656 2002 Troth.
677 1925 716 1998 in
732 1926 816 1999 vico
837 1925 1053 2000 mercuriali
1070 1914 1254 2001 morantis
1269 1930 1384 2000 Anno
1406 1954 1427 2000 a
1447 1923 1604 2023 virginis
1628 1941 1752 2024 partu.
1776 1925 1828 1996 M.
1838 1923 1883 1995 D.
1894 1923 1983 1997 XV.

381 2041 441 2116 die
461 2059 597 2144 quarto
618 2043 755 2117 Menlis
776 2043 929 2143 Aprilis.
951 2043 1063 2120 Char.
1080 2044 1183 2143 goth.
1202 2041 1355 2118 minulc.
1375 2043 1452 2117 foll.
1473 2067 1578 2115 num.
1595 2042 1678 2116 363.
1694 2043 1757 2116 lin.
1777 2049 1833 2130 44.
1852 2041 1885 2114 8.

574 2183 725 2238 Ponzerus
744 2182 775 2236 in
791 2183 897 2237 Annei.
925 2185 1058 2258 Typogr.
1085 2185 1157 2256 T.7.
1184 2186 1286 2260 pou.
1311 2184 1350 2238 N.
1360 2196 1422 2258 291.
1440 2181 1497 2237 hoc
1511 2200 1583 2256 opus
1599 2181 1758 2246 recensuit,
1784 2181 1856 2235 etla
1873 2177 1985 2234 Biblio-

631 2313 644 2330 .
669 2273 775 2347 theque
792 2275 920 2331 eurieuie
937 2275 972 2330 de
995 2277 1118 2330 clement
1139 2278 1174 2330 Τ.
1186 2292 1211 2332 2.
1230 2296 1260 2350 p.
1271 2277 1333 2330 155.
1349 2275 1498 2350 allegavit.
1518 2273 1620 2329 Editio
1638 2273 1716 2349 apud
1743 2275 1866 2328 Οἱιπιειιι
1889 2272 1985 2330 Vene-

668 2367 718 2422 tiis
737 2367 816 2424 2513.
839 2365 914 2424 lecta
935 2369 1050 2442 penitus
1076 2389 1093 2424 a
1111 2369 1197 2443 supra
1218 2367 1349 2424 exhibita
1372 2367 1478 2422 differt.
1507 2365 1635 2439 adeoque
1656 2365 1732 2420 banc
1749 2363 1926 2428 editionem,
1943 2362 1984 2416 la·

664 2459 722 2514 tius
740 2478 775 2514 ex
795 2457 851 2514 bac
869 2459 952 2515 caula
966 2461 1104 2516 recensui.
1127 2463 1252 2517 Clement
1266 2461 1303 2516 L.
1321 2451 1345 2516 c}
1365 2462 1444 2518 Nota
1460 2461 1506 2516 51.
1526 2458 1664 2515 editionis
1679 2457 1878 2533 Lugdunenlis
1895 2453 1931 2510 ab
1948 2457 1981 2509 A.

666 2553 745 2608 1515.
762 2554 839 2608 inter
857 2553 929 2608 alias
946 2555 1122 2610 mentionem
1137 2553 1215 2610 iecit.

469 2721 552 2793 258.
572 2760 622 2777 -
643 2719 843 2796 chrom'coa
859 2720 1018 2797 Abbatis
1039 2723 1302 2824 Urspergenfis
1321 2725 1435 2797 Anno
1458 2721 1562 2820 Rege
1581 2719 1805 2822 Affyrzorum
1819 2719 1981 2818 Magno:

374 2837 491 2936 usque
510 2833 557 2908 ad
572 2835 789 2908 Fn'dericum
807 2841 852 2908 ll.
881 2839 1147 2912 Romanorum
1167 2841 1452 2941 imperatorem.
1468 2881 1515 2897 -
1540 2839 1604 2913 fol.
1625 2839 1708 2913 eod.
1737 2837 1865 2910 Privil.
1889 2837 1982 2909 Cae·
2081 2875 2093 2912 e

371 2937 436 3028 seir.
450 2993 501 3008 -
514 2949 540 3025 s.
564 2977 598 3024 2.
615 2949 728 3048 incip.
744 2950 963 3025 chronicon.
983 2997 1030 3012 -
1053 2953 1116 3025 fol.
1141 2956 1218 3028 132.
1238 2957 1301 3030 lin.
1317 2985 1376 3054 29.
1394 2957 1480 3032 finit
1499 2954 1890 3056 chronicon-Abbatis
1919 2955 1984 3026 Ur·

362 3065 592 3168 spergenszi‚
620 3067 726 3167 'quod
746 3071 795 3142 est
816 3067 1084 3142 monasterium
1101 3070 1246 3145 ordinis
1266 3072 1633 3171 praemonstratenlis
1658 3072 1786 3147 medio
1812 3072 1894 3145 fere
1922 3070 1983 3144 iti·

370 3213 464 3261 nere
484 3186 584 3257 inter
606 3185 746 3257 Vlmom
765 3199 880 3285 atque
904 3184 1102 3283 Augustam
1119 3182 1420 3288 Vindelicorum
1449 3189 1568 3286 ldque
1596 3188 1756 3259 loannes
1775 3188 1904 3260 Miller
1925 3186 1982 3258 fo-

373 3301 484 3378 lertia
493 3301 557 3375 lua
565 3301 749 3400 Augustae
764 3303 1023 3375 Vindelicomm
1037 3301 1206 3401 imprimi
1218 3303 1318 3380 fecit.
1330 3305 1446 3378 Anno
1456 3302 1580 3378 salutis
1591 3303 1788 3376 humanae.
1799 3301 1981 3374 M.D.XV.

372 3420 520 3496 decimo
537 3419 619 3492 Kal.
638 3418 886 3493 Novembris:
903 3418 1030 3519 insign.
1048 3420 1218 3520 Typogr.
1240 3421 1352 3498 Char.
1368 3421 1430 3498 lat.
1446 3421 1586 3523 splend.
1607 3417 1750 3520 glollae.
1772 3441 1889 3520 marg.
1901 3417 1979 3491 foll.

376 3539 452 3612 ³32.
475 3564 555 3611 non
570 3537 655 3636 fign.
672 3537 735 3610 lin.
754 3537 810 3610 56.
830 3537 854 3610 f.

560 3677 689 3732 Panaeti
704 3676 810 3730 Annei.
829 3677 963 3752 Typogr.
982 3677 1055 3739 126.
1069 3697 1098 3754 p.
1108 3679 1227 3754 2741N.
1237 3675 1284 3741 83.
1312 3679 1403 3756 Zapf.
1426 3677 1464 3736 1.
1483 3698 1507 3734 c.
1536 3678 1571 3733 T.
1587 3693 1614 3734 2.
1640 3697 1668 3752 p.
1693 3671 1739 3733 83.
1759 3673 1797 3732 N.
1810 3673 1852 3730 16.
1872 3673 1975 3731 Editio

656 3787 800 3845 princepi-

464 3941 546 4040 259.
564 3982 614 3995 -
637 3939 753 4038 Opera
783 3935 977 4039 Pomponii
990 3923 1161 4014 Laeti-‘-
1187 3943 1382 4018 Romanae
1405 3941 1579 4017 historiae
1605 3935 1896 4038 compendium,
1928 3935 1974 4011 ab

367 4057 526 4132 interitu
553 4058 734 4129 Gordiani
752 4055 923 4130 Junioris
945 4057 1062 4159 usque
1082 4059 1129 4133 ad
1150 4061 1325 4158 lustinum
1346 4061 1514 4152 tertium.
1535 4101 1586 4118 —
1613 4059 1840 4158 Pompom‘us.
1856 4099 1905 4112 -
1928 4053 1974 4128 de

368 4173 632 4246 Romanorum
654 4173 942 4272 Magistratibus.
958 4176 1019 4250 De
1037 4173 1264 4252 sacerdotiis.
1280 4221 1330 4235 -
1353 4178 1399 4251 de
1418 4176 1669 4277 Jurisperitis.
1689 4216 1731 4234 -
1752 4174 1813 4248 De
1829 4170 1974 4271 legibus

354 4288 413 4364 'ad
429 4289 478 4364 M.
502 4287 772 4386 Pantagathum
789 4335 837 4351 -
852 4294 948 4366 ltem
970 4337 1015 4352 -
1042 4295 1088 4368 de
1106 4295 1408 4396 Antiquitatibus
1426 4295 1529 4370 vrbis
1554 4296 1695 4368 Romae
1711 4290 1879 4374 libellus,
1907 4285 1974 4389 qui

367 4405 564 4508 Poupomb
583 4405 814 4485 adscribitur.
835 4453 884 4468 -
902 4411 1097 4514 Pompom'i
1110 4412 1295 4513 Epistolae
1316 4413 1462 4514 aliquot
1481 4411 1695 4487 familiares.
1716 4452 1765 4468 -
1783 4407 1979 4507 Pomponii

364 4524 463 4610 vita,
479 4549 551 4624 per
571 4525 623 4597 M.
645 4523 841 4600 Antonriem
860 4529 1088 4606 satellitum.
1111 4573 1154 4586 -
1176 4531 1292 4606 index
1308 4546 1507 4631 praeterea
1522 4533 1579 4604 eli
1589 4529 1652 4604 hic
1668 4526 1835 4612 additus,
1854 4523 1972 4624 quiin
2001 4547 2003 4554 ·

363 4640 485 4742 priori
507 4637 747 4740 imprellioue
773 4641 1059 4722 desiderabatur.
1080 4693 1131 4706 -
1162 4649 1325 4721 Haecin
1351 4647 1474 4720 fronte
1499 4647 1618 4721 limbo
1639 4641 1881 4720 circumdata.
1905 4637 1970 4710 fol.

365 4757 446 4834 eod.
461 4759 578 4835 Nicol.
598 4757 775 4833 Gerbellti'
787 4759 950 4860 Epistola
968 4765 1014 4838 ad
1029 4765 1212 4840 Matltom
1224 4765 1448 4838 Schureniem
1465 4761 1602 4862 scripta
1617 4764 1732 4836 Anno
1755 4755 1988 4833 M.D.XVl.·
