4694 5878
727 645 1591 739 022222000222210022222002202222.
1754 685 1757 692 ’
1905 661 1969 732 151
2004 723 2023 732 -

382 859 523 936 Omnia
549 857 642 932 haec
666 858 713 932 ad
730 883 903 956 graecam
927 857 1129 931 veritatem
1154 855 1353 953 diligenter
1377 854 1547 952 castigata
1565 870 1604 927 et
1627 851 1792 926 restituta
1819 852 1989 928 adiectis*

380 975 688 1050 annotationibus
711 993 787 1074 per
807 975 995 1074 Gybertum
1015 974 1242 1070 Longolr'um.
1273 973 1446 1044 Coloniae
1464 971 1672 1046 excudebst
1691 971 1849 1044 Ioannes
1866 973 1972 1072 Gym-

367 1097 484 1184 nicus
495 1095 609 1166 Anno
628 1093 681 1166 M.
691 1091 739 1166 D.
748 1092 916 1166 XXXll.
926 1133 974 1150 —-
989 1091 1093 1165 Haec
1109 1091 1149 1162 in
1160 1089 1283 1164 fronte
1292 1130 1341 1148 -
1354 1115 1391 1189 p.
1408 1090 1491 1179 460.
1506 1089 1568 1161 lin:
1581 1115 1637 1160 20.
1649 1088 1744 1162 finis.
1757 1113 1802 1146 -ὲ-
1814 1088 1976 1187 Epistola

380 1210 427 1286 ad
447 1211 663 1284 Lectorem.
675 1253 721 1268 -
740 1208 851 1284 Char.
870 1210 931 1284 lat.
947 1236 983 1307 p.
999 1210 1081 1296 460.
1100 1206 1442 1305 652101010482.
1462 1205 1523 1279 lin.
1545 1231 1602 1304 29.
1626 1205 1660 1279 8.
1682 1206 1975 1292 decollatione

379 1326 615 1400 Herbize'ana.
911 1309 914 1312 Ι

570 1466 699 1521 Puneerr'
713 1463 820 1519 Annei.
838 1463 971 1538 Typogr.
983 1463 1018 1517 T.
1028 1461 1055 1519 6.
1072 1482 1102 1536 p.
1111 1473 1173 1538 420.
1193 1462 1231 1518 N.
1239 1459 1301 1517 662.
1323 1462 1425 1521 Matre.
1444 1460 1505 1516 ind.
1517 1465 1541 1516 1.
1559 1480 1588 1534 p.
1606 1455 1668 1516 386.

478 1631 561 1720 486.
575 1671 618 1689 -
636 1633 681 1706 L.
698 1607 804 1704 Hori
820 1630 866 1704 de
884 1630 1003 1704 Gestis
1019 1630 1284 1704 Romanorum
1298 1629 1383 1702 libri
1400 1643 1565 1730 quatuor
1580 1627 1762 1702 amendia
1777 1628 1979 1702 accuratis·
2078 1675 2082 1688 ·

387 1748 476 1822 fime
500 1750 712 1848 repurgati,
736 1775 813 1822 una
836 1773 924 1822 cum
953 1747 1259 1826 adnotationibus
1285 1747 1341 1821 Jo.
1368 1749 1562 1851 Cemem's,
1588 1772 1686 1847 quae
1715 1744 1981 1819 commentarii

382 1866 466 1940 vice
485 1866 525 1938 in
544 1891 699 1952 omnem
716 1892 915 1940 romanam
930 1864 1123 1938 historiam
1138 1863 1209 1940 effe
1224 1862 1383 1964 potsunt.
1397 1907 1442 1922 -
1459 1863 1521 1936 Ad
1536 1864 1648 1950 haec,
1669 1864 1776 1934 Sexti
1790 1861 1899 1959 Ruffi'
1906 1861 1980 1934 viri

385 1981 588 2056 consularis
606 1982 651 2056 de
668 1983 819 2056 historia
827 1983 898 2056 110.
913 1982 1082 2083 epitome
1097 1982 1218 2055 multo
1236 2007 1351 2082 quam
1362 1963 1980 2065 antehacemaculatior.-1tem‚

311 2100 314 2106 ’
382 2097 561 2195 Messalae
583 2101 731 2172 Corvini
751 2100 915 2173 oratoris
943 2097 1178 2171 differtissimi
1208 2098 1254 2169 de
1277 2097 1484 2194 progeniae
1505 2094 1662 2194 Augusti
1684 2096 1783 2170 Caess
1812 2095 1981 2182 libellus,
2110 2151 2112 2154 -

378 2241 485 2292 nunc
502 2215 672 2314 primum
691 2213 914 2288 excusus—
929 2212 999 2286 His
1019 2208 1164 2286 access'rt
1181 2237 1311 2285 rerum
1328 2210 1595 2310 copiofissimus
1607 2213 1863 2288 index-fata
1880 2213 1983 2286 viam

385 2332 654 2407 invenient-
674 2332 846 2428 Bnsr'leae
861 2330 963 2430 apud
980 2331 1031 2403 Io.
1042 2330 1262 2426 Hernagium
1270 2326 1399 2403 Mense
1413 2328 1553 2404 Martio
1563 2385 1572 2416 ‚
1583 2329 1698 2402 Anno
1709 2329 1982 2404 M.D.XXX11.

383 2494 433 2510 -
444 2450 548 2524 Haec
566 2450 605 2522 in
622 2450 748 2523 fronte
764 2474 852 2522 cum
865 2447 990 2545 insign.
1008 2462 1158 2546 typogr.
1179 2461 1217 2520 et
1235 2445 1333 2519 infra
1342 2445 1418 2520 fata
1432 2444 1533 2519 viam
1549 2445 1753 2521 invenient.
1763 2446 1888 2528 —,fol.
1902 2447 1981 2520 126.

383 2565 518 2638 linio.
540 2566 712 2662 Basileae
729 2565 830 2664 apud
851 2565 1027 2636 Ioannem
1051 2564 1279 2661 Herragium.
1298 2563 1412 2636 Anno
1438 2588 1516 2661 quo
1542 2562 1662 2662 [upra.
1691 2562 1802 2638 Char.
1817 2563 1878 2638 lat.
1904 2564 1986 2638 foll.

389 2683 467 2756 226.
485 2682 571 2782 fign.
589 2683 629 2756 in
647 2696 729 2755 toto
757 2681 834 2755 136.
853 2680 917 2754 lin.
934 2689 992 2771 40.
1013 2681 1111 2780 gloss'.
1129 2707 1245 2779 marg.
1265 2681 1289 2754 f.
1316 2681 1381 2754 Ea·
1398 2681 1606 2754 collectione
1620 2680 1857 2756 Herbr'ziana.

575 2821 704 2877 Paneerr'
718 2819 824 2898 Annei.
844 2821 978 2895 Typogr.
997 2821 1033 2882 T.
1043 2819 1072 2880 6.
1084 2841 1113 2896 p.
1122 2815 1185 2876 288.
1206 2821 1243 2875 N.
1253 2809 1320 2894 870.

484 2995 567 3084 487.
579 2989 694 3061 —De
711 2987 846 3084 insulis
861 3013 986 3090 nuper
1002 2989 1165 3065 inventis
1182 2967 1406 3063 lbrdi'rrandi
1419 2957 1568 3085 Cbrtresri'
1580 2988 1627 3064 ad
1650 2991 1816 3065 Carolum
1827 3017 1861 3064 v.
1872 2989 1981 3064 Rom.

389 3109 665 3205 Imperatorem
682 3106 940 3194 Narrationes,
969 3132 1057 3180 cum
1076 3107 1151 3180 alio
1177 3107 1344 3209 quodam
1370 3105 1473 3180 Petn'
1493 3107 1666 3208 Martyris
1691 3107 1739 3181 ad
1768 3108 1982 3180 Clementem

386 3225 471 3296 Vll.
499 3221 724 3296 Pontificem
755 3223 968 3298 Maximum
990 3223 1189 3298 confimilis
1213 3224 1426 3322 argumenti
1453 3223 1727 3298 libello-His
1754 3225 1983 3300 accesserunt
2091 3227 2097 3240 “

251 3363 255 3372 ·
387 3339 570 3440 Epistolae
591 3338 696 3426 duae,
720 3338 766 3413 de
780 3339 986 3414 feliciffimo
1004 3340 1106 3440 apud
1121 3341 1231 3414 indos
1251 3341 1445 3440 Evangelii
1469 3341 1728 3428 incremento,
1753 3368 1847 3442 quas
1876 3341 1983 3440 supe-

385 3455 553 3530 rioribus
568 3455 665 3529 hisce
682 3455 814 3530 diebus
834 3457 989 3558 quidam
1004 3457 1139 3532 fratres
1155 3457 1272 3530 Mino.
1297 3457 1343 3532 ab
1363 3457 1469 3557 India
1486 3457 1527 3528 in
1541 3456 1756 3556 &spaniam
1770 3456 1982 3532 transmise-

386 3587 486 3646 runt.
497 3613 545 3629 -
557 3575 653 3646 Item
667 3573 845 3671 Epitome
864 3573 910 3647 de
929 3573 1091 3648 inventis
1110 3577 1235 3674 nuper
1250 3573 1379 3647 Indiae
1398 3573 1551 3673 populis
1579 3572 1788 3649 idololatris
1805 3575 1851 3648 ad
1867 3575 1982 3650 fidem

359 3775 361 3782 .
385 3687 533 3775 Christi,
551 3703 665 3788 atque
681 3689 768 3762 ades
791 3689 836 3763 ad
856 3688 1057 3786 Ecelefiam
1076 3689 1311 3764 Cathoiieam
1333 3690 1610 3778 convertendis,
1636 3691 1784 3766 Autore
1807 3693 1853 3766 R.
1872 3693 1912 3766 P.
1942 3693 1983 3764 F.

385 3805 540 3879 bb'colao
564 3805 750 3893 Habora,
769 3805 953 3904 regularis
972 3806 1247 3892 observantiae,
1264 3805 1408 3879 ordinis
1437 3806 1636 3880 Minorum
1661 3809 1839 3883 Generali
1868 3808 1985 3883 Com·

383 3919 546 3994 missario
566 3921 1116 3998 Cismontano.-Venduntur
1134 3923 1175 3996 in
1191 3922 1324 4023 pingui
1343 3921 1502 3998 Gallina.
1514 3923 1628 3996 Anno
1640 3924 1692 3998 M.
1700 3925 1750 3999 D.
1759 3925 1986 4000 XXXII.-

388 4035 543 4110 Haecin
560 4036 685 4112 fronte
714 4065 802 4112 crrm
823 4039 953 4113 Armis
977 4041 1104 4114 caroli
1121 4040 1157 4115 V.
1180 4057 1218 4116 et
1236 4039 1409 4114 omnium
1423 4041 1501 4140 ejus
1522 4041 1843 4118 ditionum-fol.
1863 4045 1921 4120 81.
1944 4045 1983 4119 b.

389 4153 452 4226 lin.
470 4154 528 4244 48.
555 4155 728 4228 Coloniae
746 4182 793 4230 ex
812 4157 967 4232 officina
983 4157 1196 4234 Melchrbn‘s
1210 4154 1420 4255 'Noeesr'ani
1440 4159 1553 4231 Anno
1577 4158 1862 4234 M.D.XXX11.
1887 4160 1987 4236 deci-

393 4296 458 4374 mo
476 4270 663 4346 Kalendas
678 4273 814 4348 Mensss
829 4274 1077 4374 Septembris.
1102 4280 1184 4377 post
1211 4275 1338 4374 infign.
1358 4276 1538 4375 'Typogn
1558 4277 1651 4350 'cum
1676 4275 1920 4377 inscriptione
1946 4279 1987 4352 in
2052 4285 2053 4288 =
2161 4289 2163 4292 ,
2242 4263 2250 4278 .

323 4421 326 4431 ·
392 4387 526 4502 pingui
547 4387 678 4486 galina.
706 4391 878 4497 Coloniae
895 4390 1070 4491 impenfis
1083 4393 1225 4468 honesti
1239 4393 1331 4467 civis
1350 4392 1696 4466 AmoldiBirlrman
1715 4395 1829 4469 Anno
1849 4395 1986 4469 Domi-

392 4503 434 4576 ni
452 4504 739 4580 M.D.*XXX11.
758 4506 885 4582 Mense
906 4507 1133 4607 Septembri.
1156 4509 1431 4586 (3122221011.
1455 4510 1513 4584 81.
1534 4510 1597 4584 lin.
1619 4513 1675 4585 51.
1698 4511 1799 4612 gloffi
1818 4537 1925 4612 marg
1952 4519 1992 4615 4.

586 4643 715 4700 eamn
732 4645 985 4724 Annal.'1'ypogr.
1002 4647 1038 4703 Τ.
1048 4645 1076 4702 6.
1091 4667 1120 4724 p.
1129 4649 1193 4722 4²3·
1212 4647 1323 4723 ΜΨ,
1914 4656 1920 4662 -κ
2057 4645 2060 4656 ι

487 4831 574 4922 488.
593 4830 858 4934 Prognasn'cum
878 4834 1059 4914 Doctoris
1074 4833 1223 4936 Jcffephr'
1237 4837 1441 4939 Gruenpeclr
1458 4837 1504 4914 ab
1518 4840 1633 4916 Anno
1650 4837 1839 4940 trigefimo
1855 4837 1985 4916 secun-
