4706 5868
771 701 1010 764 caranocus
1036 701 1412 762 aratroenarfflcus
1439 705 1579 764 nnxn.
1748 681 1753 691 “
1927 696 1976 768 65

477 891 553 986 189.
572 911 605 958 a.
618 927 664 941 -
685 883 797 982 Opere
815 882 875 956 del
894 881 1025 957 divino
1045 882 1163 958 Poeta
1196 881 1346 954 Darathe
1370 908 1443 956 con
1466 881 1545 956 luoi
1566 885 1751 962 comenti:
1773 889 1980 962 recorrecti

374 1022 413 1080 et
427 1031 502 1078 con
522 1002 611 1103 ogni
631 999 824 1098 diligentia
850 1014 1079 1073 novamente
1099 997 1138 1071 in
1155 997 1281 1072 littera
1299 998 1442 1072 curlrva
1461 998 1644 1097 imprelle.
1672 1005 1715 1076 ln
1740 1003 1978 1079 Bibliotheca

373 1123 410 1196 8.
433 1121 721 1196 Bernardirrr‘.-
737 1119 842 1222 llaec
863 1117 903 1190 in
918 1103 1043 1190 fronte
1063 1115 1181 1190 limbo
1200 1131 1239 1188 et
1255 1115 1381 1214 effigie
1399 1116 1437 1190 8.
1459 1117 1643 1190 Bemardz'
1656 1119 1846 1195 coronata.
1861 1121 1923 1194 fol.
1947 1151 1976 1196 r.

372 1240 407 1314 b.
428 1255 606 1313 comento
625 1237 671 1311 de
694 1233 941 1336 Christoplroro
957 1233 1129 1306 Landr'ao
1149 1232 1355 1306 fiorentino
1381 1230 1492 1332 sopra
1517 1234 1552 1308 la
1579 1235 1752 1310 comedia
1774 1236 1810 1310 di
1828 1238 1979 1310 Damae
2003 1233 2008 1244 ’
2071 1227 2087 1252 “

373 1357 550 1455 Alglrr'eri
565 1371 680 1454 poeta
700 1352 904 1428 florentino
924 1397 966 1410 -
979 1353 1063 1450 post
1087 1350 1164 1423 loll.
1189 1375 1242 1423 12.
1259 1375 1339 1422 non
1356 1349 1442 1449 [ign.
1465 1350 1599 1451 incipit
1618 1353 1739 1428 Canto
1759 1355 1887 1454 primo
1903 1382 1977 1430 con

372 1474 396 1546 il
414 1489 652 1548 comento-
670 1471 732 1545 fol.
755 1471 837 1569 439.
858 1469 893 1542 b.
911 1468 973 1542 lin.
993 1469 1051 1556 45.
1069 1467 1144 1541 fine
1162 1466 1222 1541 del
1243 1483 1421 1541 cemento
1434 1468 1471 1542 di
1492 1467 1707 1568 Chrestosero
1721 1473 1892 1546 Landr'rro
1909 1475 1978 1546 fio·

370 1591 522 1665 rentino
538 1588 648 1689 sopra
665 1591 699 1663 la
719 1587 903 1662 Comedia
930 1587 966 1660 di
988 1584 1138 1658 Darathe
1153 1627 1199 1640 ...
1216 1584 1350 1658 revilla
1373 1601 1412 1660 et
1430 1586 1629 1664 emendata
1648 1630 1697 1648 -
1718 1615 1788 1689 per
1810 1591 1844 1663 el
1870 1616 1979 1665 reve-

369 1707 490 1784 rendo
510 1711 668 1782 maestro
687 1706 807 1781 Pr'etro
823 1706 869 1780 da
885 1706 1017 1803 I‘l'gz'no
1036 1705 1193 1776 maellro
1210 1702 1249 1778 in
1265 1703 1477 1802 Tlreologia
1490 1747 1535 1762 ·-
1554 1705 1613 1779 del
1635 1705 1768 1781 ordine
1789 1707 1835 1781 de
1855 1709 1979 1784 mino-

368 1827 402 1898 ri
427 1839 495 1899 etc.
517 1823 695 1924 lmprella
713 1823 753 1896 in
775 1825 921 1896 Venetia
939 1849 1009 1922 per
1025 1821 1138 1918 Mrser
1157 1821 1386 1895 Bema'rdrizo
1406 1823 1583 1921 Stagnr'no
1607 1823 1654 1899 da
1676 1825 1784 1899 Trr'no
1804 1824 1851 1900 dc
1876 1828 1980 1902 Mon-

356 1939 466 2040 serra
489 1941 550 2015 del
565 1937 733 2034 MDxss.
761 1941 837 2014 Adi
854 1939 1002 2012 XXIV.
1025 1939 1323 2014 Novembrio-
1338 1938 1401 2012 fol.
1422 1947 1504 2028 440.
1519 1941 1748 2017 incomincia
1765 1943 1790 2016 il
1809 1945 1923 2020 credo
1942 1945 1980 2018 di

366 2060 516 2133 Darathe
533 2101 580 2118 —
601 2059 683 2132 linit
700 2058 763 2132 fol.
784 2064 866 2148 441.
885 2081 970 2157 ‚con
994 2056 1022 2128 il
1045 2057 1158 2131 Pater
1185 2061 1311 2131 nollro
1332 2071 1370 2132 et
1390 2056 1475 2130 Ave
1496 2058 1619 2133 Maria
1647 2059 1684 2132 di
1701 2061 1857 2134 Darathe
1871 2103 1917 2120 -
1940 2079 1978 2136 et

368 2176 466 2251 infra
481 2178 543 2251 lin.
555 2184 624 2280 Ι24.
649 2203 736 2250 cum
756 2175 910 2274 registro
922 2175 1000 2248 foll.
1021 2190 1060 2248 et
1075 2175 1201 2273 infign.
1221 2191 1372 2273 typogr.
1387 2175 1498 2248 Char.
1511 2176 1572 2250 lat.
1587 2178 1678 2275 eleg.
1692 2178 1731 2251 in
1746 2195 1854 2253 textu
1868 2206 1979 2278 gran·

366 2293 422 2367 dis
444 2294 482 2367 in
505 2310 707 2380 comment.
726 2289 879 2366 minusc.
900 2293 1042 2390 figurae
1061 2291 1283 2389 permultae.
1303 2293 1395 2366 Litt.
1415 2292 1495 2366 init.
1514 2292 1763 2394 incisae'gloll.
1783 2322 1899 2396 marg.
1912 2297 1976 2371 fol.

367 2418 449 2501 441.
471 2411 556 2512 fign.
574 2412 614 2484 in
636 2426 719 2485 toto
739 2407 821 2498 454.
839 2409 901 2482 lin.
924 2411 980 2480 51.
1008 2415 1041 2496 4.

558 2549 639 2624 Opus
652 2547 709 2602 hoc
724 2545 990 2622 praestantill'unum
1008 2547 1156 2600 Panzerus
1176 2547 1207 2600 iu
1226 2544 1330 2600 Annal.
1348 2546 1480 2619 Typogr.
1507 2546 1542 2602 T.
1552 2567 1577 2620 7.
1596 2565 1625 2622 p.
1642 2557 1707 2622 4⁰9·
1725 2548 1765 2604 N.
1774 2548 1838 2624 596.
1858 2549 1974 2622 quidem

652 2639 794 2700 recenset:
813 2637 994 2692 additionum
1010 2656 1080 2692 vero
1098 2639 1130 2692 iu
1148 2637 1204 2692 fine
1218 2636 1411 2692 iudicatarum
1430 2636 1541 2692 nullam
1558 2637 1628 2694 lacit
1647 2641 1830 2696 mentionem.

1037 2847 1089 2919 M.
1116 2845 1163 2920 D.
1192 2846 1296 2918 Xlll.

462 3014 539 3088 190.
552 3029 600 3051 -ω
619 2990 662 3060 ln
682 2986 756 3060 hoc
772 2984 967 3059 volumine
984 2985 1171 3059 habentur
1185 2984 1278 3059 haec
1297 2986 1555 3084 Cornucopr'ae,
1577 2985 1649 3060 ssve
1664 2986 1813 3088 linguae
1833 2989 1969 3068 latinae

362 3104 586 3181 comentarii
608 3101 882 3202 diligentillime
904 3100 1110 3202 recogniti:
1136 3119 1249 3204 atque
1273 3129 1318 3176 ex
1347 3104 1555 3204 archetypo
1580 3106 1771 3204 emendati
1790 3149 1831 3166 -
1853 3111 1971 3186 Index

361 3221 628 3324 copiofillimue
658 3221 868 3295 dictionum
901 3221 1094 3308 omnium,
1125 3248 1222 3322 quae
1255 3221 1294 3294 in
1314 3221 1418 3294 hisce
1439 3221 1644 3320 Sypontini
1670 3228 1972 3302 commentariis:

360 3339 511 3442 quaein
531 3339 636 3414 libris
654 3339 699 3413 de
719 3339 846 3438 lingua
861 3335 993 3424 latina,
1010 3352 1048 3410 et
1069 3337 1114 3410 de
1130 3337 1316 3436 Analogia
1334 3337 1382 3410 M.
1412 3337 1589 3436 Terrentr'r'
1608 3339 1796 3412 Varronis:
1816 3369 1912 3440 quae
1930 3345 1969 3416 in

358 3456 595 3556 undeviginti
613 3457 801 3530 librorum
813 3454 1033 3552 fragmentis
1054 3454 1161 3526 Sexti
1176 3451 1338 3554 Pompejr'
1349 3451 1462 3552 Festr':
1479 3481 1575 3554 quae
1595 3455 1633 3526 in
1649 3457 1885 3555 compendiis
1897 3459 1970 3534 No-

359 3579 405 3649 ιη’
414 3573 590 3648 Marcelli
606 3573 652 3645 de
667 3571 902 3674 proprietate
917 3569 1136 3644 sermonum
1157 3571 1420 3644 continentur:
1439 3571 1484 3642 lle
1501 3571 1602 3643 enim
1613 3598 1690 3644 uno
1705 3571 1828 3648 indice
1841 3577 1969 3652 omnia

361 3687 631 3790 comprehensa
656 3687 757 3762 lunt:
784 3703 828 3762 ut
846 3714 1096 3787 quaecunque
1124 3702 1356 3785 quaerantur
1385 3685 1586 3760 dictiones:
1610 3687 1772 3762 inveniri
1793 3691 1971 3770 facillime

360 3808 507 3906 pollint.
535 3806 716 3879 Hilloriae
735 3820 951 3904 praeterea,
971 3831 1067 3903 quae
1083 3803 1122 3874 in
1140 3818 1223 3875 toto
1237 3800 1311 3876 hoc
1328 3801 1406 3900 ipso
1428 3803 1623 3878 volumine
1644 3807 1903 3882 continentur:
1922 3809 1968 3884 stc
2075 3791 2079 3804 ⁸

360 3923 576 4006 curavimus
594 3946 709 3995 omne
730 3921 761 3994 ie
782 3920 825 3992 in·
839 3945 916 3992 uno
934 3919 1018 4008 loco
1039 3917 1284 4016 colligendae:
1299 3933 1342 3992 ut
1358 3935 1396 3991 et
1415 3917 1453 3990 in
1473 3946 1548 4018 qua
1567 3921 1760 4009 columna,
1780 3925 1867 3998 etin
1884 3953 1962 4025 quo
2042 3995 2044 4000 ,

356 4035 467 4112 verlu
486 4037 573 4122 sint,
596 4037 704 4110 facile
722 4035 827 4136 quis,
844 4043 931 4110 cum
948 4035 1068 4109 volet:
1088 4034 1265 4111 inveniat.
1291 4036 1438 4112 Eodem
1450 4037 1616 4112 modoet
1631 4039 1777 4114 fabulae
1791 4041 1968 4118 collectae

356 4155 458 4228 lunt:
480 4170 518 4227 et
541 4153 723 4228 instituta:
744 4169 781 4227 et
797 4153 1015 4228 inventores
1036 4179 1184 4227 rerum:
1207 4170 1243 4228 et
1262 4180 1408 4228 mores:
1427 4171 1464 4228 et
1483 4157 1707 4254 proverbia:
1726 4171 1764 4232 et
1778 4162 1966 4236 remedia:
2019 4244 2028 4268 Ι

360 4299 480 4372 eaque
501 4269 572 4346 alia
590 4297 638 4346 ert
660 4269 740 4345 aliis
764 4274 843 4370 poll
865 4270 1028 4346 iudicem
1044 4269 1211 4346 iullimus
1232 4272 1503 4371 imprimenda:
1522 4289 1673 4350 notatae
1691 4277 1793 4350 enim
1812 4276 1967 4355 suntto-

356 4389 432 4461 tius
447 4388 576 4488 operis
588 4387 748 4486 singulae
769 4387 987 4472 columnae,
1009 4415 1053 4464 ae
1072 4387 1202 4486 singuli
1217 4387 1482 4464 columnarum
1500 4390 1672 4464 omnium
1688 4393 1832 4482 versus,
1851 4397 1966 4471 arith-

353 4505 500 4579 meticis
517 4505 703 4578 numeria:
732 4503 1057 4606 quemadmodum
1077 4532 1123 4580 ex
1139 4504 1219 4578 eius
1233 4502 1342 4603 ipfiue
1361 4504 1494 4580 indicis
1512 4508 1703 4610 principio
1721 4511 1808 4586 licet
1826 4541 1967 4612 cogno·

352 4621 473 4708 scene3
493 4621 558 4696 ubi
580 4621 695 4722 primi
709 4621 861 4696 numeri
886 4623 916 4694 C
934 4621 1043 4698 litera
1052 4622 1191 4706 notati.
1212 4621 1637 4720 fignificantcolumnaa:
1660 4630 1797 4730 reliqui
1813 4633 1964 4730 punctis

354 4739 531 4826 distincti:
560 4737 757 4814 versua-
776 4737 957 4814 Eiusdem
985 4742 1180 4840 Sypomr'ru'
1193 4738 1362 4826 tihellus,
1399 4767 1476 4840 quo
1501 4742 1623 4816 Plririr'
1635 4745 1807 4844 epistola,
1835 4750 1880 4822 ad
1899 4750 1963 4821 Ti-

353 4873 435 4931 tum
457 4857 718 4957 Velpalianum
733 4855 1005 4956 corrigitur.--
1029 4859 1193 4932 Cornelii
1211 4857 1390 4932 Vr'telr'r'in
1412 4886 1501 4936 eum
1517 4861 1638 4960 ipsum
1649 4864 1816 4966 libellum
1830 4869 1964 4966 Sypon·

462 4975 550 5048 Voll.
572 4975 621 5054 ΙΙ.
1567 4981 1581 5048 l
