<?xml version="1.0" encoding="UTF-8"?>
<!DOCTYPE html PUBLIC "-//W3C//DTD XHTML 1.0 Transitional//EN"
    "http://www.w3.org/TR/xhtml1/DTD/xhtml1-transitional.dtd">
<html xmlns="http://www.w3.org/1999/xhtml" xml:lang="en" lang="en">
 <head>
  <title>
</title>
<meta http-equiv="Content-Type" content="text/html;charset=utf-8" />
  <meta name='ocr-system' content='tesseract 3.04.00' />
  <meta name='ocr-capabilities' content='ocr_page ocr_carea ocr_par ocr_line ocrx_word'/>
</head>
<body>
  <div class='ocr_page' id='page_1' title='image "./catalogusbiblio09biblgoog_0050.png"; bbox 0 0 4696 5860; ppageno 0'>
   <div class='ocr_carea' id='block_1_1' title="bbox 780 623 2082 718">
    <p class='ocr_par' dir='ltr' id='par_1_1' title="bbox 780 623 2082 718">
     <span class='ocr_line' id='line_1_1' title="bbox 780 623 2082 718; baseline 0.005 -38"><span class='ocrx_word' id='word_1_1' title='bbox 780 623 1020 682; x_wconf 81' lang='lat' dir='ltr'><strong>CATALOGUS</strong></span> <span class='ocrx_word' id='word_1_2' title='bbox 1046 623 1421 682; x_wconf 73' lang='lat' dir='ltr'><strong>Brnuroenarfflcus</strong></span> <span class='ocrx_word' id='word_1_3' title='bbox 1447 623 1550 681; x_wconf 82' lang='lat' dir='ltr'>MDV.</span> <span class='ocrx_word' id='word_1_4' title='bbox 1879 641 1883 650; x_wconf 88' lang='lat'><strong><em>‘</em></strong></span> <span class='ocrx_word' id='word_1_5' title='bbox 1921 635 1963 686; x_wconf 70' lang='grc' dir='ltr'><strong><em>Μ</em></strong></span> <span class='ocrx_word' id='word_1_6' title='bbox 2078 709 2082 718; x_wconf 31' lang='grc' dir='ltr'>Ι</span> 
     </span>
    </p>
   </div>
   <div class='ocr_carea' id='block_1_2' title="bbox 319 797 1989 1142">
    <p class='ocr_par' dir='ltr' id='par_1_2' title="bbox 319 797 1989 1142">
     <span class='ocr_line' id='line_1_2' title="bbox 370 797 1968 902; baseline 0.003 -28"><span class='ocrx_word' id='word_1_7' title='bbox 370 799 587 902; x_wconf 86' lang='lat' dir='ltr'><strong>impreflum</strong></span> <span class='ocrx_word' id='word_1_8' title='bbox 605 797 776 896; x_wconf 80' lang='lat' dir='ltr'><strong>Bofileae</strong></span> <span class='ocrx_word' id='word_1_9' title='bbox 797 825 867 898; x_wconf 89' lang='lat' dir='ltr'><strong>per</strong></span> <span class='ocrx_word' id='word_1_10' title='bbox 881 801 1099 898; x_wconf 83' lang='lat' dir='ltr'><strong>Magistrum</strong></span> <span class='ocrx_word' id='word_1_11' title='bbox 1127 801 1318 874; x_wconf 82' lang='lat' dir='ltr'><em>Nicolaum</em></span> <span class='ocrx_word' id='word_1_12' title='bbox 1340 801 1554 900; x_wconf 76' lang='lat' dir='ltr'><strong>Lompcuen</strong></span> <span class='ocrx_word' id='word_1_13' title='bbox 1574 800 1688 876; x_wconf 84' lang='lat' dir='ltr'><strong>Anno</strong></span> <span class='ocrx_word' id='word_1_14' title='bbox 1713 805 1873 880; x_wconf 85' lang='lat' dir='ltr'>Domini</span> <span class='ocrx_word' id='word_1_15' title='bbox 1895 805 1968 879; x_wconf 84' lang='lat' dir='ltr'><strong>Mi-</strong></span> 
     </span>
     <span class='ocr_line' id='line_1_3' title="bbox 319 915 1989 1022; baseline 0.004 -30"><span class='ocrx_word' id='word_1_16' title='bbox 319 917 321 922; x_wconf 72' lang='grc'><strong>’</strong></span> <span class='ocrx_word' id='word_1_17' title='bbox 369 919 497 992; x_wconf 88' lang='lat' dir='ltr'><strong>leflrno</strong></span> <span class='ocrx_word' id='word_1_18' title='bbox 513 915 811 1018; x_wconf 81' lang='lat' dir='ltr'><strong>quingentesnno</strong></span> <span class='ocrx_word' id='word_1_19' title='bbox 833 917 968 1015; x_wconf 91' lang='lat' dir='ltr'><strong>quinto</strong></span> <span class='ocrx_word' id='word_1_20' title='bbox 977 917 1124 990; x_wconf 84' lang='lat' dir='ltr'>XXIV.</span> <span class='ocrx_word' id='word_1_21' title='bbox 1143 917 1203 991; x_wconf 88' lang='lat' dir='ltr'><strong>die</strong></span> <span class='ocrx_word' id='word_1_22' title='bbox 1213 920 1237 990; x_wconf 92' lang='lat' dir='ltr'>J</span> <span class='ocrx_word' id='word_1_23' title='bbox 1240 918 1305 1017; x_wconf 89' lang='lat' dir='ltr'><strong>uly</strong></span> <span class='ocrx_word' id='word_1_24' title='bbox 1321 943 1409 992; x_wconf 90' lang='lat' dir='ltr'><strong>cum</strong></span> <span class='ocrx_word' id='word_1_25' title='bbox 1424 916 1550 1014; x_wconf 82' lang='lat' dir='ltr'><strong>inlign.</strong></span> <span class='ocrx_word' id='word_1_26' title='bbox 1561 933 1712 1018; x_wconf 76' lang='lat' dir='ltr'><strong>typogr.</strong></span> <span class='ocrx_word' id='word_1_27' title='bbox 1730 921 1899 1022; x_wconf 87' lang='lat' dir='ltr'><strong>sequitur</strong></span> <span class='ocrx_word' id='word_1_28' title='bbox 1908 939 1968 998; x_wconf 80' lang='lat' dir='ltr'><strong>re·</strong></span> <span class='ocrx_word' id='word_1_29' title='bbox 1987 939 1989 943; x_wconf 79' lang='grc'><em>’</em></span> 
     </span>
     <span class='ocr_line' id='line_1_4' title="bbox 368 1032 1763 1142; baseline 0 -32"><span class='ocrx_word' id='word_1_30' title='bbox 368 1036 522 1136; x_wconf 78' lang='lat' dir='ltr'><strong>gistrum</strong></span> <span class='ocrx_word' id='word_1_31' title='bbox 541 1034 579 1106; x_wconf 92' lang='lat' dir='ltr'><strong>in</strong></span> <span class='ocrx_word' id='word_1_32' title='bbox 599 1033 713 1106; x_wconf 83' lang='grc'><strong>1013.</strong></span> <span class='ocrx_word' id='word_1_33' title='bbox 736 1058 816 1106; x_wconf 90' lang='lat' dir='ltr'><strong>non</strong></span> <span class='ocrx_word' id='word_1_34' title='bbox 832 1032 918 1132; x_wconf 82' lang='lat' dir='ltr'><strong>fign.</strong></span> <span class='ocrx_word' id='word_1_35' title='bbox 938 1034 1049 1108; x_wconf 85' lang='lat' dir='ltr'><strong>Char.</strong></span> <span class='ocrx_word' id='word_1_36' title='bbox 1072 1034 1175 1132; x_wconf 81' lang='lat' dir='ltr'><strong>goth.</strong></span> <span class='ocrx_word' id='word_1_37' title='bbox 1195 1033 1370 1142; x_wconf 82' lang='lat' dir='ltr'><strong>minutiis.</strong></span> <span class='ocrx_word' id='word_1_38' title='bbox 1388 1034 1466 1109; x_wconf 89' lang='lat' dir='ltr'><strong>foll.</strong></span> <span class='ocrx_word' id='word_1_39' title='bbox 1484 1035 1561 1110; x_wconf 80' lang='lat'>103.</span> <span class='ocrx_word' id='word_1_40' title='bbox 1578 1033 1641 1110; x_wconf 90' lang='lat' dir='ltr'><strong>lin.</strong></span> <span class='ocrx_word' id='word_1_41' title='bbox 1659 1035 1717 1110; x_wconf 81' lang='lat'><strong>31.</strong></span> <span class='ocrx_word' id='word_1_42' title='bbox 1729 1037 1763 1110; x_wconf 84' lang='lat'><strong>8.</strong></span> 
     </span>
    </p>
   </div>
   <div class='ocr_carea' id='block_1_3' title="bbox 546 1187 1286 1268">
    <p class='ocr_par' dir='ltr' id='par_1_3' title="bbox 546 1187 1286 1268">
     <span class='ocr_line' id='line_1_5' title="bbox 546 1187 1286 1268; baseline 0.004 -24"><span class='ocrx_word' id='word_1_43' title='bbox 546 1192 689 1246; x_wconf 68' lang='grc' dir='ltr'><strong>.ΡοΜονί</strong></span> <span class='ocrx_word' id='word_1_44' title='bbox 704 1189 810 1247; x_wconf 75' lang='lat' dir='ltr'><strong>Annal.</strong></span> <span class='ocrx_word' id='word_1_45' title='bbox 830 1193 961 1268; x_wconf 81' lang='lat' dir='ltr'><strong>Typogr.</strong></span> <span class='ocrx_word' id='word_1_46' title='bbox 983 1193 1017 1246; x_wconf 89' lang='lat' dir='ltr'><strong>T.</strong></span> <span class='ocrx_word' id='word_1_47' title='bbox 1025 1192 1049 1248; x_wconf 85' lang='lat'><strong>6.</strong></span> <span class='ocrx_word' id='word_1_48' title='bbox 1068 1213 1098 1267; x_wconf 83' lang='lat' dir='ltr'><strong>p.</strong></span> <span class='ocrx_word' id='word_1_49' title='bbox 1110 1211 1169 1268; x_wconf 83' lang='lat'><strong>²79·</strong></span> <span class='ocrx_word' id='word_1_50' title='bbox 1191 1192 1231 1248; x_wconf 89' lang='lat' dir='ltr'><strong>N.</strong></span> <span class='ocrx_word' id='word_1_51' title='bbox 1241 1187 1286 1261; x_wconf 78' lang='lat'><strong>38.</strong></span> 
     </span>
    </p>
   </div>
   <div class='ocr_carea' id='block_1_4' title="bbox 364 1371 1975 2300">
    <p class='ocr_par' dir='ltr' id='par_1_4' title="bbox 364 1371 1975 2300">
     <span class='ocr_line' id='line_1_6' title="bbox 364 1371 1970 1481; baseline 0.002 -29"><span class='ocrx_word' id='word_1_52' title='bbox 364 1377 365 1382; x_wconf 66' lang='grc'>’</span> <span class='ocrx_word' id='word_1_53' title='bbox 466 1380 523 1452; x_wconf 82' lang='grc'><strong>53.</strong></span> <span class='ocrx_word' id='word_1_54' title='bbox 540 1419 588 1439; x_wconf 91' lang='grc'><strong>-</strong></span> <span class='ocrx_word' id='word_1_55' title='bbox 607 1371 749 1452; x_wconf 64' lang='lat' dir='ltr'><strong>Fratri?</strong></span> <span class='ocrx_word' id='word_1_56' title='bbox 773 1378 994 1480; x_wconf 75' lang='lat' dir='ltr'><em>Wolsgongi</em></span> <span class='ocrx_word' id='word_1_57' title='bbox 1013 1381 1145 1481; x_wconf 82' lang='lat' dir='ltr'><strong>Moyer</strong></span> <span class='ocrx_word' id='word_1_58' title='bbox 1169 1381 1329 1456; x_wconf 84' lang='lat' dir='ltr'><strong>Abbatis</strong></span> <span class='ocrx_word' id='word_1_59' title='bbox 1348 1380 1647 1481; x_wconf 82' lang='lat' dir='ltr'><strong>Alderlpacenfie</strong></span> <span class='ocrx_word' id='word_1_60' title='bbox 1670 1379 1886 1458; x_wconf 90' lang='lat' dir='ltr'><strong>liberalium</strong></span> <span class='ocrx_word' id='word_1_61' title='bbox 1911 1409 1970 1458; x_wconf 89' lang='lat' dir='ltr'><strong>ar-</strong></span> 
     </span>
     <span class='ocr_line' id='line_1_7' title="bbox 367 1483 1972 1600; baseline 0.001 -28"><span class='ocrx_word' id='word_1_62' title='bbox 367 1497 470 1572; x_wconf 90' lang='lat' dir='ltr'><strong>cium</strong></span> <span class='ocrx_word' id='word_1_63' title='bbox 487 1497 651 1597; x_wconf 80' lang='lat' dir='ltr'><strong>Magistri</strong></span> <span class='ocrx_word' id='word_1_64' title='bbox 670 1483 819 1572; x_wconf 86' lang='lat' dir='ltr'><strong>divinae</strong></span> <span class='ocrx_word' id='word_1_65' title='bbox 836 1498 993 1572; x_wconf 89' lang='lat' dir='ltr'><strong>cultoris</strong></span> <span class='ocrx_word' id='word_1_66' title='bbox 1010 1499 1232 1600; x_wconf 83' lang='lat' dir='ltr'><strong>Sophieque</strong></span> <span class='ocrx_word' id='word_1_67' title='bbox 1248 1498 1502 1588; x_wconf 84' lang='lat' dir='ltr'><strong>studiofillimi.</strong></span> <span class='ocrx_word' id='word_1_68' title='bbox 1530 1499 1664 1572; x_wconf 81' lang='lat' dir='ltr'><strong>Christi</strong></span> <span class='ocrx_word' id='word_1_69' title='bbox 1687 1499 1880 1574; x_wconf 78' lang='lat' dir='ltr'><strong>fasciculus</strong></span> <span class='ocrx_word' id='word_1_70' title='bbox 1904 1499 1972 1574; x_wconf 88' lang='lat' dir='ltr'><strong>flo-</strong></span> 
     </span>
     <span class='ocr_line' id='line_1_8' title="bbox 367 1615 1975 1718; baseline 0.002 -30"><span class='ocrx_word' id='word_1_71' title='bbox 367 1615 452 1688; x_wconf 91' lang='lat' dir='ltr'><strong>rido</strong></span> <span class='ocrx_word' id='word_1_72' title='bbox 481 1615 625 1688; x_wconf 87' lang='lat' dir='ltr'><strong>heroici</strong></span> <span class='ocrx_word' id='word_1_73' title='bbox 652 1615 839 1714; x_wconf 83' lang='lat' dir='ltr'><strong>poematis</strong></span> <span class='ocrx_word' id='word_1_74' title='bbox 868 1615 1085 1690; x_wconf 81' lang='lat' dir='ltr'><strong>charactere</strong></span> <span class='ocrx_word' id='word_1_75' title='bbox 1113 1616 1344 1716; x_wconf 67' lang='grc'><strong>(11501100-</strong></span> <span class='ocrx_word' id='word_1_76' title='bbox 1369 1615 1496 1716; x_wconf 78' lang='lat' dir='ltr'><strong>infrgn.</strong></span> <span class='ocrx_word' id='word_1_77' title='bbox 1521 1617 1775 1718; x_wconf 65' lang='lat' dir='ltr'><strong>typographia</strong></span> <span class='ocrx_word' id='word_1_78' title='bbox 1811 1617 1975 1691; x_wconf 83' lang='lat' dir='ltr'><strong>Joonaes</strong></span> 
     </span>
     <span class='ocr_line' id='line_1_9' title="bbox 374 1725 1974 1832; baseline 0.001 -26"><span class='ocrx_word' id='word_1_79' title='bbox 374 1728 670 1832; x_wconf 74' lang='lat' dir='ltr'><strong>Weyssenburger</strong></span> <span class='ocrx_word' id='word_1_80' title='bbox 686 1731 869 1832; x_wconf 88' lang='lat' dir='ltr'><strong>impreflit</strong></span> <span class='ocrx_word' id='word_1_81' title='bbox 886 1725 1080 1808; x_wconf 71' lang='lat' dir='ltr'><strong>Loadshut</strong></span> <span class='ocrx_word' id='word_1_82' title='bbox 1097 1777 1143 1792; x_wconf 91' lang='lat'><em>-</em></span> <span class='ocrx_word' id='word_1_83' title='bbox 1166 1735 1271 1808; x_wconf 89' lang='lat' dir='ltr'><strong>Haec</strong></span> <span class='ocrx_word' id='word_1_84' title='bbox 1298 1737 1337 1808; x_wconf 92' lang='lat' dir='ltr'><strong>in</strong></span> <span class='ocrx_word' id='word_1_85' title='bbox 1357 1733 1493 1808; x_wconf 90' lang='lat' dir='ltr'><strong>fronte.</strong></span> <span class='ocrx_word' id='word_1_86' title='bbox 1512 1734 1574 1808; x_wconf 89' lang='lat' dir='ltr'><strong>fol.</strong></span> <span class='ocrx_word' id='word_1_87' title='bbox 1595 1735 1732 1810; x_wconf 90' lang='lat' dir='ltr'><strong>eodem</strong></span> <span class='ocrx_word' id='word_1_88' title='bbox 1751 1735 1785 1808; x_wconf 90' lang='lat' dir='ltr'><strong>b.</strong></span> <span class='ocrx_word' id='word_1_89' title='bbox 1811 1735 1974 1810; x_wconf 87' lang='lat' dir='ltr'><strong>Decasti-</strong></span> 
     </span>
     <span class='ocr_line' id='line_1_10' title="bbox 367 1850 1971 1952; baseline 0.002 -28"><span class='ocrx_word' id='word_1_90' title='bbox 367 1850 468 1924; x_wconf 91' lang='lat' dir='ltr'><strong>chon</strong></span> <span class='ocrx_word' id='word_1_91' title='bbox 482 1851 530 1924; x_wconf 88' lang='lat' dir='ltr'><strong>ad</strong></span> <span class='ocrx_word' id='word_1_92' title='bbox 547 1851 753 1925; x_wconf 89' lang='lat' dir='ltr'><strong>Lectorem</strong></span> <span class='ocrx_word' id='word_1_93' title='bbox 776 1850 909 1950; x_wconf 75' lang='lat' dir='ltr'><em>Wuols</em></span> <span class='ocrx_word' id='word_1_94' title='bbox 926 1854 1058 1952; x_wconf 82' lang='lat' dir='ltr'><strong>Seydel</strong></span> <span class='ocrx_word' id='word_1_95' title='bbox 1080 1853 1125 1928; x_wconf 90' lang='lat' dir='ltr'><strong>de</strong></span> <span class='ocrx_word' id='word_1_96' title='bbox 1145 1853 1262 1926; x_wconf 87' lang='lat' dir='ltr'><strong>Maur.</strong></span> <span class='ocrx_word' id='word_1_97' title='bbox 1287 1853 1402 1926; x_wconf 82' lang='lat' dir='ltr'><strong>fola.</strong></span> <span class='ocrx_word' id='word_1_98' title='bbox 1426 1851 1562 1925; x_wconf 85' lang='lat' dir='ltr'><strong>Christi</strong></span> <span class='ocrx_word' id='word_1_99' title='bbox 1587 1852 1781 1926; x_wconf 80' lang='lat' dir='ltr'><strong>fasciculus</strong></span> <span class='ocrx_word' id='word_1_100' title='bbox 1806 1881 1828 1926; x_wconf 92' lang='lat' dir='ltr'><strong>a</strong></span> <span class='ocrx_word' id='word_1_101' title='bbox 1855 1853 1971 1927; x_wconf 88' lang='lat' dir='ltr'><strong>fratre</strong></span> 
     </span>
     <span class='ocr_line' id='line_1_11' title="bbox 372 1967 1974 2070; baseline 0.004 -31"><span class='ocrx_word' id='word_1_102' title='bbox 372 1969 995 2070; x_wconf 75' lang='lat' dir='ltr'><strong>VolgongoMoyerAdlerspacenfl</strong></span> <span class='ocrx_word' id='word_1_103' title='bbox 1016 1969 1138 2044; x_wconf 82' lang='lat' dir='ltr'><strong>editus</strong></span> <span class='ocrx_word' id='word_1_104' title='bbox 1156 2011 1200 2028; x_wconf 89' lang='lat'>-</span> <span class='ocrx_word' id='word_1_105' title='bbox 1224 1969 1301 2043; x_wconf 84' lang='lat' dir='ltr'><strong>foll.</strong></span> <span class='ocrx_word' id='word_1_106' title='bbox 1319 1997 1371 2042; x_wconf 89' lang='lat'><strong>11.</strong></span> <span class='ocrx_word' id='word_1_107' title='bbox 1388 1967 1608 2070; x_wconf 88' lang='lat' dir='ltr'><strong>impreffum</strong></span> <span class='ocrx_word' id='word_1_108' title='bbox 1624 1969 1817 2042; x_wconf 81' lang='lat' dir='ltr'><strong>Londshut</strong></span> <span class='ocrx_word' id='word_1_109' title='bbox 1830 1996 1902 2069; x_wconf 92' lang='lat' dir='ltr'><strong>per</strong></span> <span class='ocrx_word' id='word_1_110' title='bbox 1910 1997 1974 2045; x_wconf 90' lang='lat' dir='ltr'><strong>ve·</strong></span> 
     </span>
     <span class='ocr_line' id='line_1_12' title="bbox 366 2084 1974 2187; baseline 0.003 -31"><span class='ocrx_word' id='word_1_111' title='bbox 366 2085 575 2158; x_wconf 87' lang='lat' dir='ltr'><strong>nerabilem</strong></span> <span class='ocrx_word' id='word_1_112' title='bbox 603 2086 731 2158; x_wconf 87' lang='lat' dir='ltr'><strong>virum</strong></span> <span class='ocrx_word' id='word_1_113' title='bbox 754 2087 934 2158; x_wconf 79' lang='lat' dir='ltr'><strong>loannem</strong></span> <span class='ocrx_word' id='word_1_114' title='bbox 963 2086 1265 2186; x_wconf 75' lang='lat' dir='ltr'><strong>Vueyfflnburger</strong></span> <span class='ocrx_word' id='word_1_115' title='bbox 1291 2086 1585 2184; x_wconf 80' lang='lat' dir='ltr'><strong>calcographum</strong></span> <span class='ocrx_word' id='word_1_116' title='bbox 1615 2084 1811 2160; x_wconf 79' lang='lat' dir='ltr'><strong>sacerdotii</strong></span> <span class='ocrx_word' id='word_1_117' title='bbox 1835 2085 1974 2187; x_wconf 83' lang='lat' dir='ltr'><strong>prelio-</strong></span> 
     </span>
     <span class='ocr_line' id='line_1_13' title="bbox 367 2199 1878 2300; baseline 0.001 -26"><span class='ocrx_word' id='word_1_118' title='bbox 367 2227 455 2276; x_wconf 87' lang='lat' dir='ltr'><strong>rum</strong></span> <span class='ocrx_word' id='word_1_119' title='bbox 470 2201 786 2276; x_wconf 86' lang='lat' dir='ltr'><strong>accuratillimum</strong></span> <span class='ocrx_word' id='word_1_120' title='bbox 803 2203 917 2276; x_wconf 90' lang='lat' dir='ltr'><strong>Anno</strong></span> <span class='ocrx_word' id='word_1_121' title='bbox 939 2202 1071 2278; x_wconf 90' lang='lat' dir='ltr'><strong>MDV.</strong></span> <span class='ocrx_word' id='word_1_122' title='bbox 1091 2202 1203 2276; x_wconf 89' lang='lat' dir='ltr'><strong>Char.</strong></span> <span class='ocrx_word' id='word_1_123' title='bbox 1220 2199 1323 2300; x_wconf 81' lang='lat' dir='ltr'><strong>goth.</strong></span> <span class='ocrx_word' id='word_1_124' title='bbox 1338 2243 1390 2262; x_wconf 88' lang='lat'><strong>·-</strong></span> <span class='ocrx_word' id='word_1_125' title='bbox 1406 2203 1490 2277; x_wconf 89' lang='lat' dir='ltr'><strong>Lat.</strong></span> <span class='ocrx_word' id='word_1_126' title='bbox 1507 2202 1585 2276; x_wconf 88' lang='lat' dir='ltr'><strong>foll.</strong></span> <span class='ocrx_word' id='word_1_127' title='bbox 1606 2229 1658 2276; x_wconf 88' lang='lat'><strong>11.</strong></span> <span class='ocrx_word' id='word_1_128' title='bbox 1681 2202 1743 2278; x_wconf 92' lang='lat' dir='ltr'><strong>lin.</strong></span> <span class='ocrx_word' id='word_1_129' title='bbox 1767 2229 1824 2276; x_wconf 86' lang='lat'><strong>22.</strong></span> <span class='ocrx_word' id='word_1_130' title='bbox 1845 2211 1878 2293; x_wconf 77' lang='grc'><strong>4.</strong></span> 
     </span>
    </p>
   </div>
   <div class='ocr_carea' id='block_1_5' title="bbox 558 2359 1293 2436">
    <p class='ocr_par' dir='ltr' id='par_1_5' title="bbox 558 2359 1293 2436">
     <span class='ocr_line' id='line_1_14' title="bbox 558 2359 1293 2436; baseline -0.003 -19"><span class='ocrx_word' id='word_1_131' title='bbox 558 2361 687 2417; x_wconf 73' lang='lat' dir='ltr'><strong>Panaeti</strong></span> <span class='ocrx_word' id='word_1_132' title='bbox 701 2359 806 2416; x_wconf 78' lang='lat' dir='ltr'><strong>Annal.</strong></span> <span class='ocrx_word' id='word_1_133' title='bbox 825 2361 957 2434; x_wconf 80' lang='lat' dir='ltr'><strong>Typogr.</strong></span> <span class='ocrx_word' id='word_1_134' title='bbox 978 2361 1013 2415; x_wconf 87' lang='lat' dir='ltr'><strong>T.</strong></span> <span class='ocrx_word' id='word_1_135' title='bbox 1027 2381 1055 2436; x_wconf 87' lang='lat'><strong>7.</strong></span> <span class='ocrx_word' id='word_1_136' title='bbox 1074 2382 1103 2436; x_wconf 85' lang='lat' dir='ltr'><strong>p.</strong></span> <span class='ocrx_word' id='word_1_137' title='bbox 1116 2362 1178 2416; x_wconf 80' lang='lat'><em>232.</em></span> <span class='ocrx_word' id='word_1_138' title='bbox 1199 2360 1293 2416; x_wconf 85' lang='lat' dir='ltr'><em>N.1o.</em></span> 
     </span>
    </p>
   </div>
   <div class='ocr_carea' id='block_1_6' title="bbox 361 2544 1976 3560">
    <p class='ocr_par' dir='ltr' id='par_1_6' title="bbox 361 2544 1976 3560">
     <span class='ocr_line' id='line_1_15' title="bbox 462 2544 1975 2648; baseline -0.001 -27"><span class='ocrx_word' id='word_1_139' title='bbox 462 2549 577 2648; x_wconf 47' lang='grc'><strong>54.-</strong></span> <span class='ocrx_word' id='word_1_140' title='bbox 593 2547 820 2645; x_wconf 70' lang='lat' dir='ltr'><strong>Tragoedroe</strong></span> <span class='ocrx_word' id='word_1_141' title='bbox 838 2549 995 2621; x_wconf 79' lang='lat' dir='ltr'><em>Senecae</em></span> <span class='ocrx_word' id='word_1_142' title='bbox 1017 2573 1105 2622; x_wconf 91' lang='lat' dir='ltr'><strong>cum</strong></span> <span class='ocrx_word' id='word_1_143' title='bbox 1130 2548 1279 2624; x_wconf 82' lang='lat' dir='ltr'><strong>duobus</strong></span> <span class='ocrx_word' id='word_1_144' title='bbox 1299 2544 1593 2622; x_wconf 76' lang='lat' dir='ltr'><strong>Commentariis</strong></span> <span class='ocrx_word' id='word_1_145' title='bbox 1611 2545 1788 2621; x_wconf 87' lang='lat' dir='ltr'><strong>videlicet</strong></span> <span class='ocrx_word' id='word_1_146' title='bbox 1814 2546 1975 2621; x_wconf 80' lang='lat' dir='ltr'><strong>Bemor-</strong></span> 
     </span>
     <span class='ocr_line' id='line_1_16' title="bbox 361 2661 1974 2766; baseline 0.003 -31"><span class='ocrx_word' id='word_1_147' title='bbox 361 2665 451 2736; x_wconf 75' lang='lat' dir='ltr'><strong>diiii</strong></span> <span class='ocrx_word' id='word_1_148' title='bbox 462 2666 656 2736; x_wconf 80' lang='lat' dir='ltr'><strong>Monnitoe</strong></span> <span class='ocrx_word' id='word_1_149' title='bbox 675 2680 712 2737; x_wconf 89' lang='lat' dir='ltr'><strong>et</strong></span> <span class='ocrx_word' id='word_1_150' title='bbox 728 2665 902 2737; x_wconf 76' lang='lat' dir='ltr'><em>Danielis</em></span> <span class='ocrx_word' id='word_1_151' title='bbox 922 2667 1098 2738; x_wconf 84' lang='lat' dir='ltr'><strong>Goletoni</strong></span> <span class='ocrx_word' id='word_1_152' title='bbox 1109 2691 1193 2765; x_wconf 89' lang='lat' dir='ltr'><strong>poe.</strong></span> <span class='ocrx_word' id='word_1_153' title='bbox 1212 2664 1301 2740; x_wconf 89' lang='lat' dir='ltr'><strong>clar.</strong></span> <span class='ocrx_word' id='word_1_154' title='bbox 1320 2707 1368 2724; x_wconf 90' lang='lat'>-</span> <span class='ocrx_word' id='word_1_155' title='bbox 1395 2663 1500 2737; x_wconf 89' lang='lat' dir='ltr'><strong>Haec</strong></span> <span class='ocrx_word' id='word_1_156' title='bbox 1523 2662 1564 2736; x_wconf 87' lang='lat' dir='ltr'><strong>in</strong></span> <span class='ocrx_word' id='word_1_157' title='bbox 1580 2661 1707 2738; x_wconf 87' lang='lat' dir='ltr'><strong>fronte</strong></span> <span class='ocrx_word' id='word_1_158' title='bbox 1724 2707 1771 2726; x_wconf 91' lang='lat'><em>-</em></span> <span class='ocrx_word' id='word_1_159' title='bbox 1790 2664 1974 2766; x_wconf 84' lang='lat' dir='ltr'><strong>Sequitur</strong></span> 
     </span>
     <span class='ocr_line' id='line_1_17' title="bbox 368 2779 1973 2881; baseline 0.003 -28"><span class='ocrx_word' id='word_1_160' title='bbox 368 2779 530 2878; x_wconf 84' lang='lat' dir='ltr'><strong>Epistola</strong></span> <span class='ocrx_word' id='word_1_161' title='bbox 545 2781 732 2872; x_wconf 63' lang='lat' dir='ltr'><strong>{Goletoni</strong></span> <span class='ocrx_word' id='word_1_162' title='bbox 744 2781 791 2854; x_wconf 88' lang='lat' dir='ltr'><strong>ad</strong></span> <span class='ocrx_word' id='word_1_163' title='bbox 810 2783 1039 2856; x_wconf 83' lang='lat' dir='ltr'><strong>Leonordom</strong></span> <span class='ocrx_word' id='word_1_164' title='bbox 1058 2785 1271 2881; x_wconf 63' lang='lat' dir='ltr'><strong>Moumgram</strong></span> <span class='ocrx_word' id='word_1_165' title='bbox 1288 2782 1355 2856; x_wconf 85' lang='lat' dir='ltr'><strong>fer.</strong></span> <span class='ocrx_word' id='word_1_166' title='bbox 1376 2779 1470 2854; x_wconf 89' lang='lat' dir='ltr'><strong>olim</strong></span> <span class='ocrx_word' id='word_1_167' title='bbox 1495 2779 1687 2880; x_wconf 78' lang='lat' dir='ltr'><strong>Principis</strong></span> <span class='ocrx_word' id='word_1_168' title='bbox 1704 2798 1826 2858; x_wconf 85' lang='lat' dir='ltr'><strong>venet.</strong></span> <span class='ocrx_word' id='word_1_169' title='bbox 1851 2783 1973 2858; x_wconf 89' lang='lat' dir='ltr'><strong>filium</strong></span> 
     </span>
     <span class='ocr_line' id='line_1_18' title="bbox 368 2897 1976 3002; baseline 0.001 -32"><span class='ocrx_word' id='word_1_170' title='bbox 368 2897 496 2972; x_wconf 86' lang='lat' dir='ltr'><strong>virum</strong></span> <span class='ocrx_word' id='word_1_171' title='bbox 516 2897 750 2973; x_wconf 84' lang='lat' dir='ltr'><strong>consularem</strong></span> <span class='ocrx_word' id='word_1_172' title='bbox 768 2945 814 2960; x_wconf 87' lang='lat'>-</span> <span class='ocrx_word' id='word_1_173' title='bbox 833 2900 1010 3002; x_wconf 86' lang='lat' dir='ltr'><strong>Polydori</strong></span> <span class='ocrx_word' id='word_1_174' title='bbox 1032 2898 1184 2975; x_wconf 84' lang='lat' dir='ltr'><strong>comitis</strong></span> <span class='ocrx_word' id='word_1_175' title='bbox 1212 2899 1385 2974; x_wconf 86' lang='lat' dir='ltr'><strong>cabaliati</strong></span> <span class='ocrx_word' id='word_1_176' title='bbox 1412 2897 1580 2974; x_wconf 87' lang='lat' dir='ltr'><strong>Carmen</strong></span> <span class='ocrx_word' id='word_1_177' title='bbox 1596 2945 1640 2960; x_wconf 89' lang='lat'>-</span> <span class='ocrx_word' id='word_1_178' title='bbox 1661 2899 1847 3000; x_wconf 76' lang='lat' dir='ltr'><strong>Epistulae</strong></span> <span class='ocrx_word' id='word_1_179' title='bbox 1873 2901 1976 2974; x_wconf 83' lang='lat' dir='ltr'><strong>Gelli</strong></span> 
     </span>
     <span class='ocr_line' id='line_1_19' title="bbox 369 3015 1971 3120; baseline 0.002 -32"><span class='ocrx_word' id='word_1_180' title='bbox 369 3015 621 3090; x_wconf 77' lang='lat' dir='ltr'><strong>Bemlrordiizi</strong></span> <span class='ocrx_word' id='word_1_181' title='bbox 632 3017 677 3092; x_wconf 93' lang='lat' dir='ltr'><strong>ad</strong></span> <span class='ocrx_word' id='word_1_182' title='bbox 693 3017 740 3090; x_wconf 92' lang='lat' dir='ltr'><strong>D.</strong></span> <span class='ocrx_word' id='word_1_183' title='bbox 760 3019 960 3092; x_wconf 88' lang='lat' dir='ltr'><strong>Guielmum</strong></span> <span class='ocrx_word' id='word_1_184' title='bbox 981 3020 1027 3093; x_wconf 91' lang='lat' dir='ltr'><strong>de</strong></span> <span class='ocrx_word' id='word_1_185' title='bbox 1045 3016 1218 3120; x_wconf 67' lang='lat' dir='ltr'><strong>erlfim</strong></span> <span class='ocrx_word' id='word_1_186' title='bbox 1243 3043 1423 3116; x_wconf 83' lang='lat' dir='ltr'><strong>magnum</strong></span> <span class='ocrx_word' id='word_1_187' title='bbox 1441 3017 1591 3092; x_wconf 86' lang='lat' dir='ltr'><strong>Cancel.</strong></span> <span class='ocrx_word' id='word_1_188' title='bbox 1617 3016 1845 3092; x_wconf 86' lang='lat' dir='ltr'><strong>franciae-</strong></span> <span class='ocrx_word' id='word_1_189' title='bbox 1865 3017 1914 3092; x_wconf 90' lang='lat' dir='ltr'><strong>ad</strong></span> <span class='ocrx_word' id='word_1_190' title='bbox 1928 3018 1971 3091; x_wconf 88' lang='lat' dir='ltr'><strong>fi-</strong></span> 
     </span>
     <span class='ocr_line' id='line_1_20' title="bbox 365 3123 1969 3237; baseline 0.002 -31"><span class='ocrx_word' id='word_1_191' title='bbox 365 3155 458 3208; x_wconf 88' lang='lat' dir='ltr'><strong>nem</strong></span> <span class='ocrx_word' id='word_1_192' title='bbox 483 3134 545 3207; x_wconf 88' lang='lat' dir='ltr'><strong>fol.</strong></span> <span class='ocrx_word' id='word_1_193' title='bbox 569 3137 646 3224; x_wconf 78' lang='lat'><strong>145.</strong></span> <span class='ocrx_word' id='word_1_194' title='bbox 675 3135 739 3209; x_wconf 88' lang='lat' dir='ltr'><strong>lin.</strong></span> <span class='ocrx_word' id='word_1_195' title='bbox 750 3138 807 3211; x_wconf 86' lang='lat'><strong>52.</strong></span> <span class='ocrx_word' id='word_1_196' title='bbox 828 3137 1047 3237; x_wconf 82' lang='lat' dir='ltr'><strong>imprelfum</strong></span> <span class='ocrx_word' id='word_1_197' title='bbox 1078 3139 1236 3212; x_wconf 56' lang='lat' dir='ltr'><strong>iunctm</strong></span> <span class='ocrx_word' id='word_1_198' title='bbox 1261 3133 1544 3210; x_wconf 70' lang='lat' dir='ltr'><strong>MCCCCQV.</strong></span> <span class='ocrx_word' id='word_1_199' title='bbox 1568 3135 1702 3210; x_wconf 79' lang='lat' dir='ltr'><strong>manlia</strong></span> <span class='ocrx_word' id='word_1_200' title='bbox 1731 3123 1969 3235; x_wconf 81' lang='lat' dir='ltr'><strong>Septembris</strong></span> 
     </span>
     <span class='ocr_line' id='line_1_21' title="bbox 367 3249 1967 3354; baseline 0.003 -31"><span class='ocrx_word' id='word_1_201' title='bbox 367 3249 538 3350; x_wconf 88' lang='lat' dir='ltr'><strong>septimo.</strong></span> <span class='ocrx_word' id='word_1_202' title='bbox 574 3253 676 3327; x_wconf 88' lang='lat' dir='ltr'><strong>Laus</strong></span> <span class='ocrx_word' id='word_1_203' title='bbox 704 3254 790 3328; x_wconf 90' lang='lat' dir='ltr'><strong>Deo</strong></span> <span class='ocrx_word' id='word_1_204' title='bbox 818 3271 856 3329; x_wconf 93' lang='lat' dir='ltr'><strong>et</strong></span> <span class='ocrx_word' id='word_1_205' title='bbox 886 3254 1114 3330; x_wconf 84' lang='lat' dir='ltr'><strong>beatillimae</strong></span> <span class='ocrx_word' id='word_1_206' title='bbox 1138 3252 1289 3354; x_wconf 79' lang='lat' dir='ltr'><strong>Virgini</strong></span> <span class='ocrx_word' id='word_1_207' title='bbox 1314 3253 1527 3326; x_wconf 67' lang='grc'><strong>11101202.-</strong></span> <span class='ocrx_word' id='word_1_208' title='bbox 1551 3251 1615 3328; x_wconf 88' lang='lat' dir='ltr'><strong>fol.</strong></span> <span class='ocrx_word' id='word_1_209' title='bbox 1636 3254 1713 3325; x_wconf 81' lang='lat'>116.</span> <span class='ocrx_word' id='word_1_210' title='bbox 1743 3253 1967 3351; x_wconf 70' lang='lat' dir='ltr'><strong>Registrum.</strong></span> 
     </span>
     <span class='ocr_line' id='line_1_22' title="bbox 364 3367 1968 3470; baseline 0.001 -30"><span class='ocrx_word' id='word_1_211' title='bbox 364 3367 479 3442; x_wconf 84' lang='lat' dir='ltr'><strong>Char.</strong></span> <span class='ocrx_word' id='word_1_212' title='bbox 497 3391 593 3442; x_wconf 90' lang='lat' dir='ltr'><strong>rom.</strong></span> <span class='ocrx_word' id='word_1_213' title='bbox 611 3367 749 3468; x_wconf 85' lang='lat' dir='ltr'><strong>splend.</strong></span> <span class='ocrx_word' id='word_1_214' title='bbox 766 3371 890 3446; x_wconf 90' lang='lat' dir='ltr'><strong>Notae</strong></span> <span class='ocrx_word' id='word_1_215' title='bbox 904 3383 1021 3470; x_wconf 78' lang='lat' dir='ltr'><strong>marg.</strong></span> <span class='ocrx_word' id='word_1_216' title='bbox 1031 3371 1122 3446; x_wconf 86' lang='lat' dir='ltr'><strong>Litt.</strong></span> <span class='ocrx_word' id='word_1_217' title='bbox 1139 3371 1219 3446; x_wconf 88' lang='lat' dir='ltr'><strong>init.</strong></span> <span class='ocrx_word' id='word_1_218' title='bbox 1235 3368 1357 3446; x_wconf 85' lang='lat' dir='ltr'><strong>incisa</strong></span> <span class='ocrx_word' id='word_1_219' title='bbox 1377 3370 1454 3444; x_wconf 87' lang='lat' dir='ltr'><strong>foll.</strong></span> <span class='ocrx_word' id='word_1_220' title='bbox 1471 3372 1549 3444; x_wconf 69' lang='lat' dir='ltr'><strong>ult</strong></span> <span class='ocrx_word' id='word_1_221' title='bbox 1567 3369 1630 3443; x_wconf 89' lang='lat' dir='ltr'><strong>lin.</strong></span> <span class='ocrx_word' id='word_1_222' title='bbox 1647 3384 1774 3442; x_wconf 74' lang='lat' dir='ltr'><strong>textus</strong></span> <span class='ocrx_word' id='word_1_223' title='bbox 1784 3375 1841 3462; x_wconf 78' lang='lat'><strong>47.</strong></span> <span class='ocrx_word' id='word_1_224' title='bbox 1853 3371 1968 3444; x_wconf 86' lang='lat' dir='ltr'><strong>Com-</strong></span> 
     </span>
     <span class='ocr_line' id='line_1_23' title="bbox 367 3486 899 3560; baseline 0 -2"><span class='ocrx_word' id='word_1_225' title='bbox 367 3501 485 3559; x_wconf 86' lang='lat' dir='ltr'><strong>ment.</strong></span> <span class='ocrx_word' id='word_1_226' title='bbox 502 3486 559 3560; x_wconf 82' lang='lat'><strong>63.</strong></span> <span class='ocrx_word' id='word_1_227' title='bbox 581 3486 604 3558; x_wconf 92' lang='lat' dir='ltr'><strong>f.</strong></span> <span class='ocrx_word' id='word_1_228' title='bbox 895 3501 899 3509; x_wconf 83' lang='grc'><em>“</em></span> 
     </span>
    </p>
   </div>
   <div class='ocr_carea' id='block_1_7' title="bbox 539 3639 1631 3722">
    <p class='ocr_par' dir='ltr' id='par_1_7' title="bbox 539 3639 1631 3722">
     <span class='ocr_line' id='line_1_24' title="bbox 539 3639 1631 3722; baseline -0.001 -22"><span class='ocrx_word' id='word_1_229' title='bbox 539 3645 689 3718; x_wconf 71' lang='grc' dir='ltr'><strong>ιΡαιιιειί·</strong></span> <span class='ocrx_word' id='word_1_230' title='bbox 706 3644 812 3701; x_wconf 64' lang='lat' dir='ltr'><strong>annal.</strong></span> <span class='ocrx_word' id='word_1_231' title='bbox 833 3645 965 3722; x_wconf 81' lang='lat' dir='ltr'><strong>Typogr.</strong></span> <span class='ocrx_word' id='word_1_232' title='bbox 991 3645 1027 3701; x_wconf 84' lang='lat' dir='ltr'><strong>T.</strong></span> <span class='ocrx_word' id='word_1_233' title='bbox 1043 3639 1072 3701; x_wconf 85' lang='grc'><strong>8.</strong></span> <span class='ocrx_word' id='word_1_234' title='bbox 1100 3641 1204 3720; x_wconf 61' lang='grc'><strong>12378.</strong></span> <span class='ocrx_word' id='word_1_235' title='bbox 1226 3643 1339 3701; x_wconf 74' lang='lat' dir='ltr'><strong>N-325.</strong></span> <span class='ocrx_word' id='word_1_236' title='bbox 1360 3643 1453 3698; x_wconf 69' lang='lat' dir='ltr'><strong>Maru</strong></span> <span class='ocrx_word' id='word_1_237' title='bbox 1468 3643 1507 3697; x_wconf 88' lang='grc' dir='ltr'><strong>Π.</strong></span> <span class='ocrx_word' id='word_1_238' title='bbox 1527 3661 1556 3716; x_wconf 85' lang='lat' dir='ltr'><strong>p.</strong></span> <span class='ocrx_word' id='word_1_239' title='bbox 1569 3641 1631 3716; x_wconf 84' lang='lat'><strong>17⁵·</strong></span> 
     </span>
    </p>
   </div>
   <div class='ocr_carea' id='block_1_8' title="bbox 366 3827 2162 4872">
    <p class='ocr_par' dir='ltr' id='par_1_8' title="bbox 366 3827 2162 4872">
     <span class='ocr_line' id='line_1_25' title="bbox 466 3827 1968 3932; baseline -0.001 -30"><span class='ocrx_word' id='word_1_240' title='bbox 466 3831 524 3904; x_wconf 83' lang='lat'><strong>55.</strong></span> <span class='ocrx_word' id='word_1_241' title='bbox 541 3859 590 3888; x_wconf 88' lang='lat'><strong>··-</strong></span> <span class='ocrx_word' id='word_1_242' title='bbox 612 3832 804 3932; x_wconf 73' lang='lat' dir='ltr'><strong>Aeglogoe</strong></span> <span class='ocrx_word' id='word_1_243' title='bbox 821 3831 1028 3907; x_wconf 84' lang='lat' dir='ltr'><strong>venerandi</strong></span> <span class='ocrx_word' id='word_1_244' title='bbox 1047 3829 1171 3904; x_wconf 85' lang='lat' dir='ltr'><strong>Patris</strong></span> <span class='ocrx_word' id='word_1_245' title='bbox 1193 3831 1353 3904; x_wconf 62' lang='lat' dir='ltr'><strong>locante</strong></span> <span class='ocrx_word' id='word_1_246' title='bbox 1374 3828 1562 3930; x_wconf 77' lang='lat' dir='ltr'><strong>Baptistae</strong></span> <span class='ocrx_word' id='word_1_247' title='bbox 1574 3830 1772 3906; x_wconf 72' lang='lat' dir='ltr'><strong>Mauram·</strong></span> <span class='ocrx_word' id='word_1_248' title='bbox 1787 3827 1968 3902; x_wconf 87' lang='lat' dir='ltr'><strong>Carmeli-</strong></span> 
     </span>
     <span class='ocr_line' id='line_1_26' title="bbox 366 3944 1972 4048; baseline -0.001 -28"><span class='ocrx_word' id='word_1_249' title='bbox 366 3963 430 4020; x_wconf 86' lang='lat' dir='ltr'><strong>tae</strong></span> <span class='ocrx_word' id='word_1_250' title='bbox 444 3944 576 4018; x_wconf 89' lang='lat' dir='ltr'><strong>decem</strong></span> <span class='ocrx_word' id='word_1_251' title='bbox 593 3948 834 4044; x_wconf 81' lang='lat' dir='ltr'><strong>Vergilianar.</strong></span> <span class='ocrx_word' id='word_1_252' title='bbox 851 3948 1017 4022; x_wconf 82' lang='lat' dir='ltr'><strong>amulae:</strong></span> <span class='ocrx_word' id='word_1_253' title='bbox 1045 3973 1208 4048; x_wconf 87' lang='lat' dir='ltr'><strong>quarum</strong></span> <span class='ocrx_word' id='word_1_254' title='bbox 1226 3947 1324 4020; x_wconf 89' lang='lat' dir='ltr'><strong>tituli</strong></span> <span class='ocrx_word' id='word_1_255' title='bbox 1342 3944 1427 4022; x_wconf 90' lang='lat' dir='ltr'><strong>funt</strong></span> <span class='ocrx_word' id='word_1_256' title='bbox 1442 3947 1513 4022; x_wconf 80' lang='lat' dir='ltr'><strong>isti:</strong></span> <span class='ocrx_word' id='word_1_257' title='bbox 1546 3951 1580 4042; x_wconf 88' lang='grc' dir='ltr'><strong>ι)</strong></span> <span class='ocrx_word' id='word_1_258' title='bbox 1600 3949 1766 4020; x_wconf 83' lang='lat' dir='ltr'><strong>Honeste</strong></span> <span class='ocrx_word' id='word_1_259' title='bbox 1782 3969 1914 4019; x_wconf 89' lang='lat' dir='ltr'><strong>amore</strong></span> <span class='ocrx_word' id='word_1_260' title='bbox 1932 3960 1972 4018; x_wconf 84' lang='lat' dir='ltr'><strong>et</strong></span> 
     </span>
     <span class='ocr_line' id='line_1_27' title="bbox 368 4059 1969 4164; baseline -0.001 -28"><span class='ocrx_word' id='word_1_261' title='bbox 368 4059 469 4136; x_wconf 90' lang='lat' dir='ltr'><strong>felici</strong></span> <span class='ocrx_word' id='word_1_262' title='bbox 491 4060 572 4135; x_wconf 82' lang='lat' dir='ltr'><strong>eiua</strong></span> <span class='ocrx_word' id='word_1_263' title='bbox 593 4062 706 4137; x_wconf 86' lang='lat' dir='ltr'><strong>exitu.</strong></span> <span class='ocrx_word' id='word_1_264' title='bbox 734 4065 773 4162; x_wconf 89' lang='lat'><strong>2)</strong></span> <span class='ocrx_word' id='word_1_265' title='bbox 794 4065 949 4138; x_wconf 82' lang='lat' dir='ltr'><strong>Amoris</strong></span> <span class='ocrx_word' id='word_1_266' title='bbox 974 4063 1123 4140; x_wconf 80' lang='lat' dir='ltr'><strong>insania.</strong></span> <span class='ocrx_word' id='word_1_267' title='bbox 1150 4063 1345 4164; x_wconf 75' lang='lat' dir='ltr'><strong>3)1nlano</strong></span> <span class='ocrx_word' id='word_1_268' title='bbox 1368 4091 1498 4139; x_wconf 88' lang='lat' dir='ltr'><strong>amore</strong></span> <span class='ocrx_word' id='word_1_269' title='bbox 1518 4081 1557 4138; x_wconf 86' lang='lat' dir='ltr'><strong>et</strong></span> <span class='ocrx_word' id='word_1_270' title='bbox 1579 4061 1719 4136; x_wconf 85' lang='lat' dir='ltr'><strong>infelici</strong></span> <span class='ocrx_word' id='word_1_271' title='bbox 1748 4059 1830 4136; x_wconf 80' lang='lat' dir='ltr'><strong>eius</strong></span> <span class='ocrx_word' id='word_1_272' title='bbox 1854 4061 1969 4136; x_wconf 84' lang='lat' dir='ltr'><strong>exitu.</strong></span> 
     </span>
     <span class='ocr_line' id='line_1_28' title="bbox 369 4162 1971 4280; baseline 0.001 -29"><span class='ocrx_word' id='word_1_273' title='bbox 369 4179 409 4278; x_wconf 76' lang='grc'><strong>4)</strong></span> <span class='ocrx_word' id='word_1_274' title='bbox 430 4180 574 4253; x_wconf 90' lang='lat' dir='ltr'><strong>Natura</strong></span> <span class='ocrx_word' id='word_1_275' title='bbox 587 4180 908 4256; x_wconf 76' lang='lat' dir='ltr'><strong>muliercularum.</strong></span> <span class='ocrx_word' id='word_1_276' title='bbox 936 4183 974 4279; x_wconf 88' lang='lat'><strong>5)</strong></span> <span class='ocrx_word' id='word_1_277' title='bbox 990 4179 1270 4258; x_wconf 73' lang='lat' dir='ltr'><strong>consuetudine</strong></span> <span class='ocrx_word' id='word_1_278' title='bbox 1292 4181 1454 4256; x_wconf 89' lang='lat' dir='ltr'><strong>divitum</strong></span> <span class='ocrx_word' id='word_1_279' title='bbox 1471 4205 1561 4280; x_wconf 82' lang='lat' dir='ltr'><strong>erga</strong></span> <span class='ocrx_word' id='word_1_280' title='bbox 1576 4162 1723 4254; x_wconf 66' lang='lat' dir='ltr'><strong>Poetas&#39;.</strong></span> <span class='ocrx_word' id='word_1_281' title='bbox 1751 4180 1790 4277; x_wconf 88' lang='lat'><strong>6)</strong></span> <span class='ocrx_word' id='word_1_282' title='bbox 1808 4179 1870 4253; x_wconf 91' lang='lat' dir='ltr'><strong>De</strong></span> <span class='ocrx_word' id='word_1_283' title='bbox 1887 4176 1971 4253; x_wconf 87' lang='lat' dir='ltr'><strong>Dif-</strong></span> 
     </span>
     <span class='ocr_line' id='line_1_29' title="bbox 369 4295 1972 4398; baseline -0.002 -26"><span class='ocrx_word' id='word_1_284' title='bbox 369 4295 585 4398; x_wconf 90' lang='lat' dir='ltr'><strong>ceptatione</strong></span> <span class='ocrx_word' id='word_1_285' title='bbox 602 4299 842 4373; x_wconf 80' lang='lat' dir='ltr'><strong>Rusticorum</strong></span> <span class='ocrx_word' id='word_1_286' title='bbox 859 4317 897 4374; x_wconf 88' lang='lat' dir='ltr'><strong>et</strong></span> <span class='ocrx_word' id='word_1_287' title='bbox 913 4299 1076 4373; x_wconf 87' lang='lat' dir='ltr'><strong>Civium.</strong></span> <span class='ocrx_word' id='word_1_288' title='bbox 1112 4303 1150 4398; x_wconf 87' lang='lat'><strong>7)</strong></span> <span class='ocrx_word' id='word_1_289' title='bbox 1170 4302 1229 4374; x_wconf 91' lang='lat' dir='ltr'><strong>De</strong></span> <span class='ocrx_word' id='word_1_290' title='bbox 1250 4298 1493 4373; x_wconf 84' lang='lat' dir='ltr'><strong>converlione</strong></span> <span class='ocrx_word' id='word_1_291' title='bbox 1513 4299 1708 4372; x_wconf 88' lang='lat' dir='ltr'><strong>Juvenum</strong></span> <span class='ocrx_word' id='word_1_292' title='bbox 1734 4295 1780 4372; x_wconf 89' lang='lat' dir='ltr'><strong>ad</strong></span> <span class='ocrx_word' id='word_1_293' title='bbox 1803 4295 1972 4396; x_wconf 80' lang='lat' dir='ltr'><strong>Religio-</strong></span> 
     </span>
     <span class='ocr_line' id='line_1_30' title="bbox 369 4401 1970 4515; baseline 0.001 -28"><span class='ocrx_word' id='word_1_294' title='bbox 369 4439 470 4488; x_wconf 90' lang='lat' dir='ltr'><strong>nem.</strong></span> <span class='ocrx_word' id='word_1_295' title='bbox 497 4414 536 4511; x_wconf 88' lang='lat'><strong>8)</strong></span> <span class='ocrx_word' id='word_1_296' title='bbox 559 4415 619 4490; x_wconf 92' lang='lat' dir='ltr'><strong>De</strong></span> <span class='ocrx_word' id='word_1_297' title='bbox 636 4415 873 4490; x_wconf 85' lang='lat' dir='ltr'><strong>Ruflicorum</strong></span> <span class='ocrx_word' id='word_1_298' title='bbox 890 4415 1098 4514; x_wconf 79' lang='lat' dir='ltr'><strong>Religione.</strong></span> <span class='ocrx_word' id='word_1_299' title='bbox 1131 4419 1170 4515; x_wconf 84' lang='lat'><strong>9)</strong></span> <span class='ocrx_word' id='word_1_300' title='bbox 1192 4418 1252 4492; x_wconf 91' lang='lat' dir='ltr'><strong>De</strong></span> <span class='ocrx_word' id='word_1_301' title='bbox 1273 4401 1444 4490; x_wconf 73' lang='lat' dir='ltr'><strong>moribus</strong></span> <span class='ocrx_word' id='word_1_302' title='bbox 1468 4415 1595 4490; x_wconf 87' lang='lat' dir='ltr'><strong>curiae</strong></span> <span class='ocrx_word' id='word_1_303' title='bbox 1609 4439 1799 4490; x_wconf 87' lang='lat' dir='ltr'><strong>romanae.</strong></span> <span class='ocrx_word' id='word_1_304' title='bbox 1832 4417 1891 4512; x_wconf 87' lang='grc' dir='ltr'><strong>ιο)</strong></span> <span class='ocrx_word' id='word_1_305' title='bbox 1910 4415 1970 4488; x_wconf 90' lang='lat' dir='ltr'><strong>De</strong></span> 
     </span>
     <span class='ocr_line' id='line_1_31' title="bbox 370 4519 1969 4610; baseline 0.003 -8"><span class='ocrx_word' id='word_1_306' title='bbox 370 4529 533 4606; x_wconf 81' lang='lat' dir='ltr'><strong>fratrum</strong></span> <span class='ocrx_word' id='word_1_307' title='bbox 545 4531 827 4608; x_wconf 84' lang='lat' dir='ltr'><strong>observantium</strong></span> <span class='ocrx_word' id='word_1_308' title='bbox 844 4549 882 4608; x_wconf 88' lang='lat' dir='ltr'><strong>et</strong></span> <span class='ocrx_word' id='word_1_309' title='bbox 898 4559 978 4608; x_wconf 92' lang='lat' dir='ltr'><strong>non</strong></span> <span class='ocrx_word' id='word_1_310' title='bbox 993 4533 1274 4610; x_wconf 88' lang='lat' dir='ltr'><strong>observantium</strong></span> <span class='ocrx_word' id='word_1_311' title='bbox 1290 4519 1553 4610; x_wconf 75' lang='lat' dir='ltr'><strong>controverfra</strong></span> <span class='ocrx_word' id='word_1_312' title='bbox 1567 4573 1608 4590; x_wconf 88' lang='lat'><strong>-··</strong></span> <span class='ocrx_word' id='word_1_313' title='bbox 1619 4531 1723 4606; x_wconf 89' lang='lat' dir='ltr'><strong>Haec</strong></span> <span class='ocrx_word' id='word_1_314' title='bbox 1735 4531 1779 4608; x_wconf 90' lang='lat' dir='ltr'><strong>in</strong></span> <span class='ocrx_word' id='word_1_315' title='bbox 1794 4529 1920 4610; x_wconf 89' lang='lat' dir='ltr'><strong>fronte</strong></span> <span class='ocrx_word' id='word_1_316' title='bbox 1932 4569 1969 4591; x_wconf 75' lang='grc'><strong>«-</strong></span> 
     </span>
     <span class='ocr_line' id='line_1_32' title="bbox 371 4648 1968 4752; baseline -0.003 -30"><span class='ocrx_word' id='word_1_317' title='bbox 371 4648 508 4722; x_wconf 89' lang='lat' dir='ltr'><strong>eodem</strong></span> <span class='ocrx_word' id='word_1_318' title='bbox 527 4649 589 4723; x_wconf 91' lang='lat' dir='ltr'><strong>fol.</strong></span> <span class='ocrx_word' id='word_1_319' title='bbox 607 4650 642 4724; x_wconf 90' lang='lat' dir='ltr'><strong>b.</strong></span> <span class='ocrx_word' id='word_1_320' title='bbox 661 4651 741 4749; x_wconf 78' lang='lat' dir='ltr'><strong>ejus</strong></span> <span class='ocrx_word' id='word_1_321' title='bbox 759 4651 921 4752; x_wconf 82' lang='lat' dir='ltr'><strong>Epistola</strong></span> <span class='ocrx_word' id='word_1_322' title='bbox 940 4653 986 4726; x_wconf 89' lang='lat' dir='ltr'><strong>ad</strong></span> <span class='ocrx_word' id='word_1_323' title='bbox 1002 4652 1170 4725; x_wconf 82' lang='lat' dir='ltr'><strong>Ponilem</strong></span> <span class='ocrx_word' id='word_1_324' title='bbox 1194 4649 1373 4748; x_wconf 66' lang='lat' dir='ltr'><strong>uaesaniam</strong></span> <span class='ocrx_word' id='word_1_325' title='bbox 1387 4651 1551 4724; x_wconf 81' lang='grc'><strong>-101.2.</strong></span> <span class='ocrx_word' id='word_1_326' title='bbox 1578 4649 1767 4748; x_wconf 79' lang='lat' dir='ltr'><strong>Aeclogae</strong></span> <span class='ocrx_word' id='word_1_327' title='bbox 1782 4689 1821 4702; x_wconf 93' lang='lat'>-</span> <span class='ocrx_word' id='word_1_328' title='bbox 1837 4648 1899 4720; x_wconf 92' lang='lat' dir='ltr'><strong>fol.</strong></span> <span class='ocrx_word' id='word_1_329' title='bbox 1910 4653 1968 4735; x_wconf 71' lang='grc'><strong>42.</strong></span> 
     </span>
     <span class='ocr_line' id='line_1_33' title="bbox 373 4761 2162 4872; baseline -0.003 -32"><span class='ocrx_word' id='word_1_330' title='bbox 373 4767 434 4840; x_wconf 84' lang='lat' dir='ltr'><strong>lin.</strong></span> <span class='ocrx_word' id='word_1_331' title='bbox 454 4793 512 4843; x_wconf 85' lang='lat'><strong>21.</strong></span> <span class='ocrx_word' id='word_1_332' title='bbox 535 4766 753 4870; x_wconf 89' lang='lat' dir='ltr'><strong>imprelfum</strong></span> <span class='ocrx_word' id='word_1_333' title='bbox 771 4771 972 4871; x_wconf 71' lang='lat' dir='ltr'><strong>Emhordzc</strong></span> <span class='ocrx_word' id='word_1_334' title='bbox 992 4797 1061 4872; x_wconf 86' lang='lat' dir='ltr'><strong>per</strong></span> <span class='ocrx_word' id='word_1_335' title='bbox 1088 4767 1347 4871; x_wconf 73' lang='lat' dir='ltr'><strong>Wolsgongum</strong></span> <span class='ocrx_word' id='word_1_336' title='bbox 1374 4767 1602 4844; x_wconf 81' lang='lat' dir='ltr'><strong>Schenolum.</strong></span> <span class='ocrx_word' id='word_1_337' title='bbox 1630 4767 1744 4842; x_wconf 85' lang='lat' dir='ltr'><strong>Anno</strong></span> <span class='ocrx_word' id='word_1_338' title='bbox 1761 4761 1886 4840; x_wconf 76' lang='lat' dir='ltr'><strong>salutis</strong></span> <span class='ocrx_word' id='word_1_339' title='bbox 1903 4787 1973 4837; x_wconf 90' lang='lat' dir='ltr'><strong>no·</strong></span> <span class='ocrx_word' id='word_1_340' title='bbox 2006 4859 2009 4868; x_wconf 21' lang='lat' dir='ltr'>y</span> <span class='ocrx_word' id='word_1_341' title='bbox 2156 4780 2162 4797; x_wconf 90' lang='lat'><strong>·</strong></span> 
     </span>
    </p>
   </div>
   <div class='ocr_carea' id='block_1_9' title="bbox 0 0 2352 5860">
    <p class='ocr_par' dir='ltr' id='par_1_9' title="bbox 0 0 2352 5860">
     <span class='ocr_line' id='line_1_34' title="bbox 0 0 2352 5860; baseline 0 0"><span class='ocrx_word' id='word_1_342' title='bbox 0 0 2352 5860; x_wconf 95' lang='lat' dir='ltr'><strong> </strong></span> 
     </span>
    </p>
   </div>
  </div>
 </body>
</html>
